{
  "kpis": {
    "total_revenue": 32706052,
    "total_views": 65062395,
    "avg_completion": 73.24600000000001,
    "active_titles": 0
  },
  "daily_trend": [
    {
      "date": "2025-08-24",
      "title": "Kono Subarashii Sekai ni Shukufuku wo!",
      "views": 97380,
      "revenue": 14371
    },
    {
      "date": "2025-08-24",
      "title": "Kono Subarashii Sekai ni Shukufuku wo! 2",
      "views": 73332,
      "revenue": 11303
    },
    {
      "date": "2025-08-24",
      "title": "Fate/stay night",
      "views": 29516,
      "revenue": 17144
    },
    {
      "date": "2025-08-24",
      "title": "Higurashi no Naku Koro ni",
      "views": 23967,
      "revenue": 16761
    },
    {
      "date": "2025-08-24",
      "title": "Sakamoto desu ga?",
      "views": 22877,
      "revenue": 7120
    },
    {
      "date": "2025-08-24",
      "title": "Nanatsu no Taizai: Kamigami no Gekirin",
      "views": 15178,
      "revenue": 12263
    },
    {
      "date": "2025-08-24",
      "title": "Sankarea",
      "views": 18409,
      "revenue": 5775
    },
    {
      "date": "2025-08-24",
      "title": "Kore wa Zombie desu ka?",
      "views": 19165,
      "revenue": 6063
    },
    {
      "date": "2025-08-24",
      "title": "Log Horizon 2nd Season",
      "views": 19558,
      "revenue": 13335
    },
    {
      "date": "2025-08-24",
      "title": "Vampire Knight",
      "views": 15412,
      "revenue": 7456
    },
    {
      "date": "2025-08-24",
      "title": "Fruits Basket",
      "views": 19149,
      "revenue": 14257
    },
    {
      "date": "2025-08-24",
      "title": "Rurouni Kenshin: Meiji Kenkaku Romantan",
      "views": 24539,
      "revenue": 22217
    },
    {
      "date": "2025-08-24",
      "title": "Higurashi no Naku Koro ni Kai",
      "views": 32772,
      "revenue": 14655
    },
    {
      "date": "2025-08-24",
      "title": "Nanatsu no Taizai: Funnu no Shinpan",
      "views": 11147,
      "revenue": 10284
    },
    {
      "date": "2025-08-24",
      "title": "Kore wa Zombie desu ka? of the Dead",
      "views": 12827,
      "revenue": 3929
    },
    {
      "date": "2025-08-24",
      "title": "Vampire Knight Guilty",
      "views": 15065,
      "revenue": 5716
    },
    {
      "date": "2025-08-24",
      "title": "Jigoku Shoujo",
      "views": 14005,
      "revenue": 11451
    },
    {
      "date": "2025-08-24",
      "title": "Shouwa Genroku Rakugo Shinjuu",
      "views": 20411,
      "revenue": 6001
    },
    {
      "date": "2025-08-24",
      "title": "Nurarihyon no Mago",
      "views": 9023,
      "revenue": 7470
    },
    {
      "date": "2025-08-24",
      "title": "Ranma ½",
      "views": 9366,
      "revenue": 15982
    },
    {
      "date": "2025-08-25",
      "title": "Kono Subarashii Sekai ni Shukufuku wo!",
      "views": 108340,
      "revenue": 15989
    },
    {
      "date": "2025-08-25",
      "title": "Kono Subarashii Sekai ni Shukufuku wo! 2",
      "views": 94627,
      "revenue": 14585
    },
    {
      "date": "2025-08-25",
      "title": "Fate/stay night",
      "views": 33442,
      "revenue": 19424
    },
    {
      "date": "2025-08-25",
      "title": "Higurashi no Naku Koro ni",
      "views": 29819,
      "revenue": 20854
    },
    {
      "date": "2025-08-25",
      "title": "Sakamoto desu ga?",
      "views": 30248,
      "revenue": 9415
    },
    {
      "date": "2025-08-25",
      "title": "Nanatsu no Taizai: Kamigami no Gekirin",
      "views": 16423,
      "revenue": 13269
    },
    {
      "date": "2025-08-25",
      "title": "Sankarea",
      "views": 22107,
      "revenue": 6935
    },
    {
      "date": "2025-08-25",
      "title": "Kore wa Zombie desu ka?",
      "views": 23374,
      "revenue": 7395
    },
    {
      "date": "2025-08-25",
      "title": "Log Horizon 2nd Season",
      "views": 21164,
      "revenue": 14431
    },
    {
      "date": "2025-08-25",
      "title": "Vampire Knight",
      "views": 15564,
      "revenue": 7529
    },
    {
      "date": "2025-08-25",
      "title": "Fruits Basket",
      "views": 20344,
      "revenue": 15147
    },
    {
      "date": "2025-08-25",
      "title": "Rurouni Kenshin: Meiji Kenkaku Romantan",
      "views": 32193,
      "revenue": 29147
    },
    {
      "date": "2025-08-25",
      "title": "Higurashi no Naku Koro ni Kai",
      "views": 27999,
      "revenue": 12521
    },
    {
      "date": "2025-08-25",
      "title": "Nanatsu no Taizai: Funnu no Shinpan",
      "views": 11500,
      "revenue": 10610
    },
    {
      "date": "2025-08-25",
      "title": "Kore wa Zombie desu ka? of the Dead",
      "views": 12623,
      "revenue": 3866
    },
    {
      "date": "2025-08-25",
      "title": "Vampire Knight Guilty",
      "views": 14628,
      "revenue": 5550
    },
    {
      "date": "2025-08-25",
      "title": "Jigoku Shoujo",
      "views": 11848,
      "revenue": 9688
    },
    {
      "date": "2025-08-25",
      "title": "Shouwa Genroku Rakugo Shinjuu",
      "views": 15451,
      "revenue": 4543
    },
    {
      "date": "2025-08-25",
      "title": "Nurarihyon no Mago",
      "views": 8931,
      "revenue": 7393
    },
    {
      "date": "2025-08-25",
      "title": "Ranma ½",
      "views": 11066,
      "revenue": 18885
    },
    {
      "date": "2025-08-26",
      "title": "Kono Subarashii Sekai ni Shukufuku wo!",
      "views": 120867,
      "revenue": 17838
    },
    {
      "date": "2025-08-26",
      "title": "Kono Subarashii Sekai ni Shukufuku wo! 2",
      "views": 106169,
      "revenue": 16364
    },
    {
      "date": "2025-08-26",
      "title": "Fate/stay night",
      "views": 38022,
      "revenue": 22084
    },
    {
      "date": "2025-08-26",
      "title": "Higurashi no Naku Koro ni",
      "views": 26343,
      "revenue": 18423
    },
    {
      "date": "2025-08-26",
      "title": "Sakamoto desu ga?",
      "views": 24826,
      "revenue": 7727
    },
    {
      "date": "2025-08-26",
      "title": "Nanatsu no Taizai: Kamigami no Gekirin",
      "views": 17942,
      "revenue": 14496
    },
    {
      "date": "2025-08-26",
      "title": "Sankarea",
      "views": 19467,
      "revenue": 6107
    },
    {
      "date": "2025-08-26",
      "title": "Kore wa Zombie desu ka?",
      "views": 24264,
      "revenue": 7676
    },
    {
      "date": "2025-08-26",
      "title": "Log Horizon 2nd Season",
      "views": 24545,
      "revenue": 16735
    },
    {
      "date": "2025-08-26",
      "title": "Vampire Knight",
      "views": 11816,
      "revenue": 5716
    },
    {
      "date": "2025-08-26",
      "title": "Fruits Basket",
      "views": 19675,
      "revenue": 14649
    },
    {
      "date": "2025-08-26",
      "title": "Rurouni Kenshin: Meiji Kenkaku Romantan",
      "views": 26314,
      "revenue": 23824
    },
    {
      "date": "2025-08-26",
      "title": "Higurashi no Naku Koro ni Kai",
      "views": 30900,
      "revenue": 13818
    },
    {
      "date": "2025-08-26",
      "title": "Nanatsu no Taizai: Funnu no Shinpan",
      "views": 11710,
      "revenue": 10803
    },
    {
      "date": "2025-08-26",
      "title": "Kore wa Zombie desu ka? of the Dead",
      "views": 14310,
      "revenue": 4383
    },
    {
      "date": "2025-08-26",
      "title": "Vampire Knight Guilty",
      "views": 14147,
      "revenue": 5368
    },
    {
      "date": "2025-08-26",
      "title": "Jigoku Shoujo",
      "views": 14026,
      "revenue": 11469
    },
    {
      "date": "2025-08-26",
      "title": "Shouwa Genroku Rakugo Shinjuu",
      "views": 17770,
      "revenue": 5224
    },
    {
      "date": "2025-08-26",
      "title": "Nurarihyon no Mago",
      "views": 10493,
      "revenue": 8687
    },
    {
      "date": "2025-08-26",
      "title": "Ranma ½",
      "views": 8006,
      "revenue": 13662
    },
    {
      "date": "2025-08-27",
      "title": "Kono Subarashii Sekai ni Shukufuku wo!",
      "views": 102384,
      "revenue": 15110
    },
    {
      "date": "2025-08-27",
      "title": "Kono Subarashii Sekai ni Shukufuku wo! 2",
      "views": 83490,
      "revenue": 12868
    },
    {
      "date": "2025-08-27",
      "title": "Fate/stay night",
      "views": 28756,
      "revenue": 16702
    },
    {
      "date": "2025-08-27",
      "title": "Higurashi no Naku Koro ni",
      "views": 23864,
      "revenue": 16690
    },
    {
      "date": "2025-08-27",
      "title": "Sakamoto desu ga?",
      "views": 30427,
      "revenue": 9470
    },
    {
      "date": "2025-08-27",
      "title": "Nanatsu no Taizai: Kamigami no Gekirin",
      "views": 20742,
      "revenue": 16758
    },
    {
      "date": "2025-08-27",
      "title": "Sankarea",
      "views": 17884,
      "revenue": 5611
    },
    {
      "date": "2025-08-27",
      "title": "Kore wa Zombie desu ka?",
      "views": 20233,
      "revenue": 6401
    },
    {
      "date": "2025-08-27",
      "title": "Log Horizon 2nd Season",
      "views": 19595,
      "revenue": 13361
    },
    {
      "date": "2025-08-27",
      "title": "Vampire Knight",
      "views": 15778,
      "revenue": 7633
    },
    {
      "date": "2025-08-27",
      "title": "Fruits Basket",
      "views": 21026,
      "revenue": 15655
    },
    {
      "date": "2025-08-27",
      "title": "Rurouni Kenshin: Meiji Kenkaku Romantan",
      "views": 30889,
      "revenue": 27967
    },
    {
      "date": "2025-08-27",
      "title": "Higurashi no Naku Koro ni Kai",
      "views": 30740,
      "revenue": 13746
    },
    {
      "date": "2025-08-27",
      "title": "Nanatsu no Taizai: Funnu no Shinpan",
      "views": 10038,
      "revenue": 9261
    },
    {
      "date": "2025-08-27",
      "title": "Kore wa Zombie desu ka? of the Dead",
      "views": 12163,
      "revenue": 3726
    },
    {
      "date": "2025-08-27",
      "title": "Vampire Knight Guilty",
      "views": 11745,
      "revenue": 4456
    },
    {
      "date": "2025-08-27",
      "title": "Jigoku Shoujo",
      "views": 12522,
      "revenue": 10239
    },
    {
      "date": "2025-08-27",
      "title": "Shouwa Genroku Rakugo Shinjuu",
      "views": 17154,
      "revenue": 5043
    },
    {
      "date": "2025-08-27",
      "title": "Nurarihyon no Mago",
      "views": 11079,
      "revenue": 9171
    },
    {
      "date": "2025-08-27",
      "title": "Ranma ½",
      "views": 8772,
      "revenue": 14969
    },
    {
      "date": "2025-08-28",
      "title": "Kono Subarashii Sekai ni Shukufuku wo!",
      "views": 116222,
      "revenue": 17152
    },
    {
      "date": "2025-08-28",
      "title": "Kono Subarashii Sekai ni Shukufuku wo! 2",
      "views": 90343,
      "revenue": 13925
    },
    {
      "date": "2025-08-28",
      "title": "Fate/stay night",
      "views": 38520,
      "revenue": 22373
    },
    {
      "date": "2025-08-28",
      "title": "Higurashi no Naku Koro ni",
      "views": 23497,
      "revenue": 16433
    },
    {
      "date": "2025-08-28",
      "title": "Sakamoto desu ga?",
      "views": 26688,
      "revenue": 8306
    },
    {
      "date": "2025-08-28",
      "title": "Nanatsu no Taizai: Kamigami no Gekirin",
      "views": 19014,
      "revenue": 15362
    },
    {
      "date": "2025-08-28",
      "title": "Sankarea",
      "views": 19627,
      "revenue": 6157
    },
    {
      "date": "2025-08-28",
      "title": "Kore wa Zombie desu ka?",
      "views": 22709,
      "revenue": 7184
    },
    {
      "date": "2025-08-28",
      "title": "Log Horizon 2nd Season",
      "views": 19531,
      "revenue": 13317
    },
    {
      "date": "2025-08-28",
      "title": "Vampire Knight",
      "views": 13526,
      "revenue": 6543
    },
    {
      "date": "2025-08-28",
      "title": "Fruits Basket",
      "views": 21061,
      "revenue": 15681
    },
    {
      "date": "2025-08-28",
      "title": "Rurouni Kenshin: Meiji Kenkaku Romantan",
      "views": 28539,
      "revenue": 25839
    },
    {
      "date": "2025-08-28",
      "title": "Higurashi no Naku Koro ni Kai",
      "views": 33188,
      "revenue": 14841
    },
    {
      "date": "2025-08-28",
      "title": "Nanatsu no Taizai: Funnu no Shinpan",
      "views": 11950,
      "revenue": 11025
    },
    {
      "date": "2025-08-28",
      "title": "Kore wa Zombie desu ka? of the Dead",
      "views": 13704,
      "revenue": 4197
    },
    {
      "date": "2025-08-28",
      "title": "Vampire Knight Guilty",
      "views": 13155,
      "revenue": 4991
    },
    {
      "date": "2025-08-28",
      "title": "Jigoku Shoujo",
      "views": 14848,
      "revenue": 12141
    },
    {
      "date": "2025-08-28",
      "title": "Shouwa Genroku Rakugo Shinjuu",
      "views": 19320,
      "revenue": 5680
    },
    {
      "date": "2025-08-28",
      "title": "Nurarihyon no Mago",
      "views": 10825,
      "revenue": 8961
    },
    {
      "date": "2025-08-28",
      "title": "Ranma ½",
      "views": 10263,
      "revenue": 17514
    },
    {
      "date": "2025-08-29",
      "title": "Kono Subarashii Sekai ni Shukufuku wo!",
      "views": 133081,
      "revenue": 19640
    },
    {
      "date": "2025-08-29",
      "title": "Kono Subarashii Sekai ni Shukufuku wo! 2",
      "views": 99251,
      "revenue": 15298
    },
    {
      "date": "2025-08-29",
      "title": "Fate/stay night",
      "views": 38777,
      "revenue": 22523
    },
    {
      "date": "2025-08-29",
      "title": "Higurashi no Naku Koro ni",
      "views": 31532,
      "revenue": 22052
    },
    {
      "date": "2025-08-29",
      "title": "Sakamoto desu ga?",
      "views": 23764,
      "revenue": 7396
    },
    {
      "date": "2025-08-29",
      "title": "Nanatsu no Taizai: Kamigami no Gekirin",
      "views": 17189,
      "revenue": 13887
    },
    {
      "date": "2025-08-29",
      "title": "Sankarea",
      "views": 20697,
      "revenue": 6493
    },
    {
      "date": "2025-08-29",
      "title": "Kore wa Zombie desu ka?",
      "views": 25528,
      "revenue": 8076
    },
    {
      "date": "2025-08-29",
      "title": "Log Horizon 2nd Season",
      "views": 25178,
      "revenue": 17167
    },
    {
      "date": "2025-08-29",
      "title": "Vampire Knight",
      "views": 13266,
      "revenue": 6418
    },
    {
      "date": "2025-08-29",
      "title": "Fruits Basket",
      "views": 19999,
      "revenue": 14890
    },
    {
      "date": "2025-08-29",
      "title": "Rurouni Kenshin: Meiji Kenkaku Romantan",
      "views": 24923,
      "revenue": 22565
    },
    {
      "date": "2025-08-29",
      "title": "Higurashi no Naku Koro ni Kai",
      "views": 33051,
      "revenue": 14780
    },
    {
      "date": "2025-08-29",
      "title": "Nanatsu no Taizai: Funnu no Shinpan",
      "views": 11185,
      "revenue": 10319
    },
    {
      "date": "2025-08-29",
      "title": "Kore wa Zombie desu ka? of the Dead",
      "views": 15032,
      "revenue": 4604
    },
    {
      "date": "2025-08-29",
      "title": "Vampire Knight Guilty",
      "views": 12699,
      "revenue": 4819
    },
    {
      "date": "2025-08-29",
      "title": "Jigoku Shoujo",
      "views": 11321,
      "revenue": 9257
    },
    {
      "date": "2025-08-29",
      "title": "Shouwa Genroku Rakugo Shinjuu",
      "views": 18588,
      "revenue": 5465
    },
    {
      "date": "2025-08-29",
      "title": "Nurarihyon no Mago",
      "views": 7850,
      "revenue": 6499
    },
    {
      "date": "2025-08-29",
      "title": "Ranma ½",
      "views": 10279,
      "revenue": 17542
    },
    {
      "date": "2025-08-30",
      "title": "Kono Subarashii Sekai ni Shukufuku wo!",
      "views": 118533,
      "revenue": 17493
    },
    {
      "date": "2025-08-30",
      "title": "Kono Subarashii Sekai ni Shukufuku wo! 2",
      "views": 90398,
      "revenue": 13933
    },
    {
      "date": "2025-08-30",
      "title": "Fate/stay night",
      "views": 28549,
      "revenue": 16582
    },
    {
      "date": "2025-08-30",
      "title": "Higurashi no Naku Koro ni",
      "views": 32878,
      "revenue": 22993
    },
    {
      "date": "2025-08-30",
      "title": "Sakamoto desu ga?",
      "views": 29877,
      "revenue": 9299
    },
    {
      "date": "2025-08-30",
      "title": "Nanatsu no Taizai: Kamigami no Gekirin",
      "views": 19417,
      "revenue": 15688
    },
    {
      "date": "2025-08-30",
      "title": "Sankarea",
      "views": 24023,
      "revenue": 7536
    },
    {
      "date": "2025-08-30",
      "title": "Kore wa Zombie desu ka?",
      "views": 21663,
      "revenue": 6853
    },
    {
      "date": "2025-08-30",
      "title": "Log Horizon 2nd Season",
      "views": 23241,
      "revenue": 15846
    },
    {
      "date": "2025-08-30",
      "title": "Vampire Knight",
      "views": 13841,
      "revenue": 6696
    },
    {
      "date": "2025-08-30",
      "title": "Fruits Basket",
      "views": 20123,
      "revenue": 14982
    },
    {
      "date": "2025-08-30",
      "title": "Rurouni Kenshin: Meiji Kenkaku Romantan",
      "views": 24787,
      "revenue": 22442
    },
    {
      "date": "2025-08-30",
      "title": "Higurashi no Naku Koro ni Kai",
      "views": 23657,
      "revenue": 10579
    },
    {
      "date": "2025-08-30",
      "title": "Nanatsu no Taizai: Funnu no Shinpan",
      "views": 8395,
      "revenue": 7746
    },
    {
      "date": "2025-08-30",
      "title": "Kore wa Zombie desu ka? of the Dead",
      "views": 10485,
      "revenue": 3212
    },
    {
      "date": "2025-08-30",
      "title": "Vampire Knight Guilty",
      "views": 11349,
      "revenue": 4306
    },
    {
      "date": "2025-08-30",
      "title": "Jigoku Shoujo",
      "views": 10856,
      "revenue": 8876
    },
    {
      "date": "2025-08-30",
      "title": "Shouwa Genroku Rakugo Shinjuu",
      "views": 18203,
      "revenue": 5352
    },
    {
      "date": "2025-08-30",
      "title": "Nurarihyon no Mago",
      "views": 9454,
      "revenue": 7826
    },
    {
      "date": "2025-08-30",
      "title": "Ranma ½",
      "views": 9930,
      "revenue": 16946
    },
    {
      "date": "2025-08-31",
      "title": "Kono Subarashii Sekai ni Shukufuku wo!",
      "views": 121664,
      "revenue": 17955
    },
    {
      "date": "2025-08-31",
      "title": "Kono Subarashii Sekai ni Shukufuku wo! 2",
      "views": 101232,
      "revenue": 15603
    },
    {
      "date": "2025-08-31",
      "title": "Fate/stay night",
      "views": 33006,
      "revenue": 19171
    },
    {
      "date": "2025-08-31",
      "title": "Higurashi no Naku Koro ni",
      "views": 32009,
      "revenue": 22386
    },
    {
      "date": "2025-08-31",
      "title": "Sakamoto desu ga?",
      "views": 30035,
      "revenue": 9348
    },
    {
      "date": "2025-08-31",
      "title": "Nanatsu no Taizai: Kamigami no Gekirin",
      "views": 17859,
      "revenue": 14429
    },
    {
      "date": "2025-08-31",
      "title": "Sankarea",
      "views": 25488,
      "revenue": 7996
    },
    {
      "date": "2025-08-31",
      "title": "Kore wa Zombie desu ka?",
      "views": 18459,
      "revenue": 5840
    },
    {
      "date": "2025-08-31",
      "title": "Log Horizon 2nd Season",
      "views": 24143,
      "revenue": 16461
    },
    {
      "date": "2025-08-31",
      "title": "Vampire Knight",
      "views": 15120,
      "revenue": 7314
    },
    {
      "date": "2025-08-31",
      "title": "Fruits Basket",
      "views": 16805,
      "revenue": 12512
    },
    {
      "date": "2025-08-31",
      "title": "Rurouni Kenshin: Meiji Kenkaku Romantan",
      "views": 34422,
      "revenue": 31165
    },
    {
      "date": "2025-08-31",
      "title": "Higurashi no Naku Koro ni Kai",
      "views": 25950,
      "revenue": 11604
    },
    {
      "date": "2025-08-31",
      "title": "Nanatsu no Taizai: Funnu no Shinpan",
      "views": 11548,
      "revenue": 10654
    },
    {
      "date": "2025-08-31",
      "title": "Kore wa Zombie desu ka? of the Dead",
      "views": 11427,
      "revenue": 3500
    },
    {
      "date": "2025-08-31",
      "title": "Vampire Knight Guilty",
      "views": 13480,
      "revenue": 5115
    },
    {
      "date": "2025-08-31",
      "title": "Jigoku Shoujo",
      "views": 11797,
      "revenue": 9646
    },
    {
      "date": "2025-08-31",
      "title": "Shouwa Genroku Rakugo Shinjuu",
      "views": 17203,
      "revenue": 5058
    },
    {
      "date": "2025-08-31",
      "title": "Nurarihyon no Mago",
      "views": 10564,
      "revenue": 8745
    },
    {
      "date": "2025-08-31",
      "title": "Ranma ½",
      "views": 10855,
      "revenue": 18524
    },
    {
      "date": "2025-09-01",
      "title": "Kono Subarashii Sekai ni Shukufuku wo!",
      "views": 118685,
      "revenue": 17516
    },
    {
      "date": "2025-09-01",
      "title": "Kono Subarashii Sekai ni Shukufuku wo! 2",
      "views": 96651,
      "revenue": 14897
    },
    {
      "date": "2025-09-01",
      "title": "Fate/stay night",
      "views": 27053,
      "revenue": 15713
    },
    {
      "date": "2025-09-01",
      "title": "Higurashi no Naku Koro ni",
      "views": 28702,
      "revenue": 20073
    },
    {
      "date": "2025-09-01",
      "title": "Sakamoto desu ga?",
      "views": 31305,
      "revenue": 9743
    },
    {
      "date": "2025-09-01",
      "title": "Nanatsu no Taizai: Kamigami no Gekirin",
      "views": 19476,
      "revenue": 15735
    },
    {
      "date": "2025-09-01",
      "title": "Sankarea",
      "views": 24136,
      "revenue": 7572
    },
    {
      "date": "2025-09-01",
      "title": "Kore wa Zombie desu ka?",
      "views": 20368,
      "revenue": 6444
    },
    {
      "date": "2025-09-01",
      "title": "Log Horizon 2nd Season",
      "views": 22697,
      "revenue": 15476
    },
    {
      "date": "2025-09-01",
      "title": "Vampire Knight",
      "views": 12485,
      "revenue": 6039
    },
    {
      "date": "2025-09-01",
      "title": "Fruits Basket",
      "views": 17727,
      "revenue": 13198
    },
    {
      "date": "2025-09-01",
      "title": "Rurouni Kenshin: Meiji Kenkaku Romantan",
      "views": 28592,
      "revenue": 25887
    },
    {
      "date": "2025-09-01",
      "title": "Higurashi no Naku Koro ni Kai",
      "views": 33755,
      "revenue": 15095
    },
    {
      "date": "2025-09-01",
      "title": "Nanatsu no Taizai: Funnu no Shinpan",
      "views": 9161,
      "revenue": 8452
    },
    {
      "date": "2025-09-01",
      "title": "Kore wa Zombie desu ka? of the Dead",
      "views": 14353,
      "revenue": 4396
    },
    {
      "date": "2025-09-01",
      "title": "Vampire Knight Guilty",
      "views": 11881,
      "revenue": 4508
    },
    {
      "date": "2025-09-01",
      "title": "Jigoku Shoujo",
      "views": 11406,
      "revenue": 9326
    },
    {
      "date": "2025-09-01",
      "title": "Shouwa Genroku Rakugo Shinjuu",
      "views": 15966,
      "revenue": 4694
    },
    {
      "date": "2025-09-01",
      "title": "Nurarihyon no Mago",
      "views": 10378,
      "revenue": 8591
    },
    {
      "date": "2025-09-01",
      "title": "Ranma ½",
      "views": 7592,
      "revenue": 12955
    },
    {
      "date": "2025-09-02",
      "title": "Kono Subarashii Sekai ni Shukufuku wo!",
      "views": 95195,
      "revenue": 14049
    },
    {
      "date": "2025-09-02",
      "title": "Kono Subarashii Sekai ni Shukufuku wo! 2",
      "views": 104500,
      "revenue": 16107
    },
    {
      "date": "2025-09-02",
      "title": "Fate/stay night",
      "views": 33485,
      "revenue": 19449
    },
    {
      "date": "2025-09-02",
      "title": "Higurashi no Naku Koro ni",
      "views": 24067,
      "revenue": 16832
    },
    {
      "date": "2025-09-02",
      "title": "Sakamoto desu ga?",
      "views": 24078,
      "revenue": 7494
    },
    {
      "date": "2025-09-02",
      "title": "Nanatsu no Taizai: Kamigami no Gekirin",
      "views": 14956,
      "revenue": 12084
    },
    {
      "date": "2025-09-02",
      "title": "Sankarea",
      "views": 20501,
      "revenue": 6432
    },
    {
      "date": "2025-09-02",
      "title": "Kore wa Zombie desu ka?",
      "views": 19217,
      "revenue": 6079
    },
    {
      "date": "2025-09-02",
      "title": "Log Horizon 2nd Season",
      "views": 24350,
      "revenue": 16602
    },
    {
      "date": "2025-09-02",
      "title": "Vampire Knight",
      "views": 12762,
      "revenue": 6173
    },
    {
      "date": "2025-09-02",
      "title": "Fruits Basket",
      "views": 15091,
      "revenue": 11235
    },
    {
      "date": "2025-09-02",
      "title": "Rurouni Kenshin: Meiji Kenkaku Romantan",
      "views": 28107,
      "revenue": 25448
    },
    {
      "date": "2025-09-02",
      "title": "Higurashi no Naku Koro ni Kai",
      "views": 32416,
      "revenue": 14496
    },
    {
      "date": "2025-09-02",
      "title": "Nanatsu no Taizai: Funnu no Shinpan",
      "views": 9339,
      "revenue": 8616
    },
    {
      "date": "2025-09-02",
      "title": "Kore wa Zombie desu ka? of the Dead",
      "views": 14550,
      "revenue": 4457
    },
    {
      "date": "2025-09-02",
      "title": "Vampire Knight Guilty",
      "views": 10774,
      "revenue": 4088
    },
    {
      "date": "2025-09-02",
      "title": "Jigoku Shoujo",
      "views": 11321,
      "revenue": 9257
    },
    {
      "date": "2025-09-02",
      "title": "Shouwa Genroku Rakugo Shinjuu",
      "views": 16506,
      "revenue": 4853
    },
    {
      "date": "2025-09-02",
      "title": "Nurarihyon no Mago",
      "views": 8581,
      "revenue": 7103
    },
    {
      "date": "2025-09-02",
      "title": "Ranma ½",
      "views": 9062,
      "revenue": 15464
    },
    {
      "date": "2025-09-03",
      "title": "Kono Subarashii Sekai ni Shukufuku wo!",
      "views": 116625,
      "revenue": 17212
    },
    {
      "date": "2025-09-03",
      "title": "Kono Subarashii Sekai ni Shukufuku wo! 2",
      "views": 106894,
      "revenue": 16476
    },
    {
      "date": "2025-09-03",
      "title": "Fate/stay night",
      "views": 39241,
      "revenue": 22793
    },
    {
      "date": "2025-09-03",
      "title": "Higurashi no Naku Koro ni",
      "views": 33023,
      "revenue": 23095
    },
    {
      "date": "2025-09-03",
      "title": "Sakamoto desu ga?",
      "views": 25483,
      "revenue": 7931
    },
    {
      "date": "2025-09-03",
      "title": "Nanatsu no Taizai: Kamigami no Gekirin",
      "views": 17700,
      "revenue": 14300
    },
    {
      "date": "2025-09-03",
      "title": "Sankarea",
      "views": 22400,
      "revenue": 7027
    },
    {
      "date": "2025-09-03",
      "title": "Kore wa Zombie desu ka?",
      "views": 23528,
      "revenue": 7443
    },
    {
      "date": "2025-09-03",
      "title": "Log Horizon 2nd Season",
      "views": 24945,
      "revenue": 17009
    },
    {
      "date": "2025-09-03",
      "title": "Vampire Knight",
      "views": 16030,
      "revenue": 7754
    },
    {
      "date": "2025-09-03",
      "title": "Fruits Basket",
      "views": 22160,
      "revenue": 16498
    },
    {
      "date": "2025-09-03",
      "title": "Rurouni Kenshin: Meiji Kenkaku Romantan",
      "views": 33853,
      "revenue": 30650
    },
    {
      "date": "2025-09-03",
      "title": "Higurashi no Naku Koro ni Kai",
      "views": 32518,
      "revenue": 14541
    },
    {
      "date": "2025-09-03",
      "title": "Nanatsu no Taizai: Funnu no Shinpan",
      "views": 10594,
      "revenue": 9774
    },
    {
      "date": "2025-09-03",
      "title": "Kore wa Zombie desu ka? of the Dead",
      "views": 11643,
      "revenue": 3566
    },
    {
      "date": "2025-09-03",
      "title": "Vampire Knight Guilty",
      "views": 13948,
      "revenue": 5293
    },
    {
      "date": "2025-09-03",
      "title": "Jigoku Shoujo",
      "views": 11482,
      "revenue": 9388
    },
    {
      "date": "2025-09-03",
      "title": "Shouwa Genroku Rakugo Shinjuu",
      "views": 18473,
      "revenue": 5431
    },
    {
      "date": "2025-09-03",
      "title": "Nurarihyon no Mago",
      "views": 9312,
      "revenue": 7708
    },
    {
      "date": "2025-09-03",
      "title": "Ranma ½",
      "views": 7605,
      "revenue": 12979
    },
    {
      "date": "2025-09-04",
      "title": "Kono Subarashii Sekai ni Shukufuku wo!",
      "views": 98249,
      "revenue": 14500
    },
    {
      "date": "2025-09-04",
      "title": "Kono Subarashii Sekai ni Shukufuku wo! 2",
      "views": 104254,
      "revenue": 16069
    },
    {
      "date": "2025-09-04",
      "title": "Fate/stay night",
      "views": 35926,
      "revenue": 20867
    },
    {
      "date": "2025-09-04",
      "title": "Higurashi no Naku Koro ni",
      "views": 23412,
      "revenue": 16374
    },
    {
      "date": "2025-09-04",
      "title": "Sakamoto desu ga?",
      "views": 25673,
      "revenue": 7991
    },
    {
      "date": "2025-09-04",
      "title": "Nanatsu no Taizai: Kamigami no Gekirin",
      "views": 17158,
      "revenue": 13863
    },
    {
      "date": "2025-09-04",
      "title": "Sankarea",
      "views": 21284,
      "revenue": 6677
    },
    {
      "date": "2025-09-04",
      "title": "Kore wa Zombie desu ka?",
      "views": 19419,
      "revenue": 6143
    },
    {
      "date": "2025-09-04",
      "title": "Log Horizon 2nd Season",
      "views": 18192,
      "revenue": 12404
    },
    {
      "date": "2025-09-04",
      "title": "Vampire Knight",
      "views": 12846,
      "revenue": 6214
    },
    {
      "date": "2025-09-04",
      "title": "Fruits Basket",
      "views": 20749,
      "revenue": 15448
    },
    {
      "date": "2025-09-04",
      "title": "Rurouni Kenshin: Meiji Kenkaku Romantan",
      "views": 26065,
      "revenue": 23599
    },
    {
      "date": "2025-09-04",
      "title": "Higurashi no Naku Koro ni Kai",
      "views": 27810,
      "revenue": 12436
    },
    {
      "date": "2025-09-04",
      "title": "Nanatsu no Taizai: Funnu no Shinpan",
      "views": 10736,
      "revenue": 9905
    },
    {
      "date": "2025-09-04",
      "title": "Kore wa Zombie desu ka? of the Dead",
      "views": 11775,
      "revenue": 3607
    },
    {
      "date": "2025-09-04",
      "title": "Vampire Knight Guilty",
      "views": 10584,
      "revenue": 4016
    },
    {
      "date": "2025-09-04",
      "title": "Jigoku Shoujo",
      "views": 14026,
      "revenue": 11468
    },
    {
      "date": "2025-09-04",
      "title": "Shouwa Genroku Rakugo Shinjuu",
      "views": 14772,
      "revenue": 4343
    },
    {
      "date": "2025-09-04",
      "title": "Nurarihyon no Mago",
      "views": 8908,
      "revenue": 7374
    },
    {
      "date": "2025-09-04",
      "title": "Ranma ½",
      "views": 10403,
      "revenue": 17753
    },
    {
      "date": "2025-09-05",
      "title": "Kono Subarashii Sekai ni Shukufuku wo!",
      "views": 102842,
      "revenue": 15178
    },
    {
      "date": "2025-09-05",
      "title": "Kono Subarashii Sekai ni Shukufuku wo! 2",
      "views": 90108,
      "revenue": 13888
    },
    {
      "date": "2025-09-05",
      "title": "Fate/stay night",
      "views": 33245,
      "revenue": 19310
    },
    {
      "date": "2025-09-05",
      "title": "Higurashi no Naku Koro ni",
      "views": 25508,
      "revenue": 17839
    },
    {
      "date": "2025-09-05",
      "title": "Sakamoto desu ga?",
      "views": 25369,
      "revenue": 7896
    },
    {
      "date": "2025-09-05",
      "title": "Nanatsu no Taizai: Kamigami no Gekirin",
      "views": 16791,
      "revenue": 13566
    },
    {
      "date": "2025-09-05",
      "title": "Sankarea",
      "views": 24088,
      "revenue": 7557
    },
    {
      "date": "2025-09-05",
      "title": "Kore wa Zombie desu ka?",
      "views": 24142,
      "revenue": 7638
    },
    {
      "date": "2025-09-05",
      "title": "Log Horizon 2nd Season",
      "views": 25572,
      "revenue": 17436
    },
    {
      "date": "2025-09-05",
      "title": "Vampire Knight",
      "views": 15113,
      "revenue": 7311
    },
    {
      "date": "2025-09-05",
      "title": "Fruits Basket",
      "views": 15438,
      "revenue": 11494
    },
    {
      "date": "2025-09-05",
      "title": "Rurouni Kenshin: Meiji Kenkaku Romantan",
      "views": 31972,
      "revenue": 28947
    },
    {
      "date": "2025-09-05",
      "title": "Higurashi no Naku Koro ni Kai",
      "views": 25665,
      "revenue": 11477
    },
    {
      "date": "2025-09-05",
      "title": "Nanatsu no Taizai: Funnu no Shinpan",
      "views": 12338,
      "revenue": 11383
    },
    {
      "date": "2025-09-05",
      "title": "Kore wa Zombie desu ka? of the Dead",
      "views": 13748,
      "revenue": 4211
    },
    {
      "date": "2025-09-05",
      "title": "Vampire Knight Guilty",
      "views": 13445,
      "revenue": 5102
    },
    {
      "date": "2025-09-05",
      "title": "Jigoku Shoujo",
      "views": 11399,
      "revenue": 9320
    },
    {
      "date": "2025-09-05",
      "title": "Shouwa Genroku Rakugo Shinjuu",
      "views": 18959,
      "revenue": 5574
    },
    {
      "date": "2025-09-05",
      "title": "Nurarihyon no Mago",
      "views": 8700,
      "revenue": 7202
    },
    {
      "date": "2025-09-05",
      "title": "Ranma ½",
      "views": 10939,
      "revenue": 18667
    },
    {
      "date": "2025-09-06",
      "title": "Kono Subarashii Sekai ni Shukufuku wo!",
      "views": 134000,
      "revenue": 19776
    },
    {
      "date": "2025-09-06",
      "title": "Kono Subarashii Sekai ni Shukufuku wo! 2",
      "views": 99408,
      "revenue": 15322
    },
    {
      "date": "2025-09-06",
      "title": "Fate/stay night",
      "views": 37966,
      "revenue": 22052
    },
    {
      "date": "2025-09-06",
      "title": "Higurashi no Naku Koro ni",
      "views": 28545,
      "revenue": 19963
    },
    {
      "date": "2025-09-06",
      "title": "Sakamoto desu ga?",
      "views": 23432,
      "revenue": 7293
    },
    {
      "date": "2025-09-06",
      "title": "Nanatsu no Taizai: Kamigami no Gekirin",
      "views": 14040,
      "revenue": 11343
    },
    {
      "date": "2025-09-06",
      "title": "Sankarea",
      "views": 18945,
      "revenue": 5943
    },
    {
      "date": "2025-09-06",
      "title": "Kore wa Zombie desu ka?",
      "views": 21847,
      "revenue": 6911
    },
    {
      "date": "2025-09-06",
      "title": "Log Horizon 2nd Season",
      "views": 18016,
      "revenue": 12284
    },
    {
      "date": "2025-09-06",
      "title": "Vampire Knight",
      "views": 11991,
      "revenue": 5800
    },
    {
      "date": "2025-09-06",
      "title": "Fruits Basket",
      "views": 18678,
      "revenue": 13907
    },
    {
      "date": "2025-09-06",
      "title": "Rurouni Kenshin: Meiji Kenkaku Romantan",
      "views": 29884,
      "revenue": 27056
    },
    {
      "date": "2025-09-06",
      "title": "Higurashi no Naku Koro ni Kai",
      "views": 32990,
      "revenue": 14752
    },
    {
      "date": "2025-09-06",
      "title": "Nanatsu no Taizai: Funnu no Shinpan",
      "views": 8454,
      "revenue": 7800
    },
    {
      "date": "2025-09-06",
      "title": "Kore wa Zombie desu ka? of the Dead",
      "views": 11103,
      "revenue": 3401
    },
    {
      "date": "2025-09-06",
      "title": "Vampire Knight Guilty",
      "views": 10377,
      "revenue": 3937
    },
    {
      "date": "2025-09-06",
      "title": "Jigoku Shoujo",
      "views": 12164,
      "revenue": 9946
    },
    {
      "date": "2025-09-06",
      "title": "Shouwa Genroku Rakugo Shinjuu",
      "views": 18586,
      "revenue": 5464
    },
    {
      "date": "2025-09-06",
      "title": "Nurarihyon no Mago",
      "views": 10019,
      "revenue": 8294
    },
    {
      "date": "2025-09-06",
      "title": "Ranma ½",
      "views": 7664,
      "revenue": 13079
    },
    {
      "date": "2025-09-07",
      "title": "Kono Subarashii Sekai ni Shukufuku wo!",
      "views": 134661,
      "revenue": 19873
    },
    {
      "date": "2025-09-07",
      "title": "Kono Subarashii Sekai ni Shukufuku wo! 2",
      "views": 86595,
      "revenue": 13347
    },
    {
      "date": "2025-09-07",
      "title": "Fate/stay night",
      "views": 30320,
      "revenue": 17611
    },
    {
      "date": "2025-09-07",
      "title": "Higurashi no Naku Koro ni",
      "views": 32766,
      "revenue": 22915
    },
    {
      "date": "2025-09-07",
      "title": "Sakamoto desu ga?",
      "views": 22440,
      "revenue": 6984
    },
    {
      "date": "2025-09-07",
      "title": "Nanatsu no Taizai: Kamigami no Gekirin",
      "views": 18893,
      "revenue": 15265
    },
    {
      "date": "2025-09-07",
      "title": "Sankarea",
      "views": 25310,
      "revenue": 7940
    },
    {
      "date": "2025-09-07",
      "title": "Kore wa Zombie desu ka?",
      "views": 19732,
      "revenue": 6242
    },
    {
      "date": "2025-09-07",
      "title": "Log Horizon 2nd Season",
      "views": 25437,
      "revenue": 17344
    },
    {
      "date": "2025-09-07",
      "title": "Vampire Knight",
      "views": 15763,
      "revenue": 7625
    },
    {
      "date": "2025-09-07",
      "title": "Fruits Basket",
      "views": 14992,
      "revenue": 11162
    },
    {
      "date": "2025-09-07",
      "title": "Rurouni Kenshin: Meiji Kenkaku Romantan",
      "views": 30513,
      "revenue": 27626
    },
    {
      "date": "2025-09-07",
      "title": "Higurashi no Naku Koro ni Kai",
      "views": 25040,
      "revenue": 11197
    },
    {
      "date": "2025-09-07",
      "title": "Nanatsu no Taizai: Funnu no Shinpan",
      "views": 12318,
      "revenue": 11365
    },
    {
      "date": "2025-09-07",
      "title": "Kore wa Zombie desu ka? of the Dead",
      "views": 13302,
      "revenue": 4074
    },
    {
      "date": "2025-09-07",
      "title": "Vampire Knight Guilty",
      "views": 11215,
      "revenue": 4256
    },
    {
      "date": "2025-09-07",
      "title": "Jigoku Shoujo",
      "views": 14592,
      "revenue": 11931
    },
    {
      "date": "2025-09-07",
      "title": "Shouwa Genroku Rakugo Shinjuu",
      "views": 17183,
      "revenue": 5052
    },
    {
      "date": "2025-09-07",
      "title": "Nurarihyon no Mago",
      "views": 10510,
      "revenue": 8701
    },
    {
      "date": "2025-09-07",
      "title": "Ranma ½",
      "views": 8422,
      "revenue": 14372
    },
    {
      "date": "2025-09-08",
      "title": "Kono Subarashii Sekai ni Shukufuku wo!",
      "views": 133391,
      "revenue": 19686
    },
    {
      "date": "2025-09-08",
      "title": "Kono Subarashii Sekai ni Shukufuku wo! 2",
      "views": 81265,
      "revenue": 12525
    },
    {
      "date": "2025-09-08",
      "title": "Fate/stay night",
      "views": 27801,
      "revenue": 16147
    },
    {
      "date": "2025-09-08",
      "title": "Higurashi no Naku Koro ni",
      "views": 29430,
      "revenue": 20582
    },
    {
      "date": "2025-09-08",
      "title": "Sakamoto desu ga?",
      "views": 26313,
      "revenue": 8190
    },
    {
      "date": "2025-09-08",
      "title": "Nanatsu no Taizai: Kamigami no Gekirin",
      "views": 14416,
      "revenue": 11647
    },
    {
      "date": "2025-09-08",
      "title": "Sankarea",
      "views": 17636,
      "revenue": 5533
    },
    {
      "date": "2025-09-08",
      "title": "Kore wa Zombie desu ka?",
      "views": 21559,
      "revenue": 6820
    },
    {
      "date": "2025-09-08",
      "title": "Log Horizon 2nd Season",
      "views": 21128,
      "revenue": 14406
    },
    {
      "date": "2025-09-08",
      "title": "Vampire Knight",
      "views": 13140,
      "revenue": 6356
    },
    {
      "date": "2025-09-08",
      "title": "Fruits Basket",
      "views": 16452,
      "revenue": 12249
    },
    {
      "date": "2025-09-08",
      "title": "Rurouni Kenshin: Meiji Kenkaku Romantan",
      "views": 32737,
      "revenue": 29640
    },
    {
      "date": "2025-09-08",
      "title": "Higurashi no Naku Koro ni Kai",
      "views": 31457,
      "revenue": 14067
    },
    {
      "date": "2025-09-08",
      "title": "Nanatsu no Taizai: Funnu no Shinpan",
      "views": 10465,
      "revenue": 9655
    },
    {
      "date": "2025-09-08",
      "title": "Kore wa Zombie desu ka? of the Dead",
      "views": 15100,
      "revenue": 4625
    },
    {
      "date": "2025-09-08",
      "title": "Vampire Knight Guilty",
      "views": 11928,
      "revenue": 4526
    },
    {
      "date": "2025-09-08",
      "title": "Jigoku Shoujo",
      "views": 14966,
      "revenue": 12238
    },
    {
      "date": "2025-09-08",
      "title": "Shouwa Genroku Rakugo Shinjuu",
      "views": 14708,
      "revenue": 4324
    },
    {
      "date": "2025-09-08",
      "title": "Nurarihyon no Mago",
      "views": 8710,
      "revenue": 7211
    },
    {
      "date": "2025-09-08",
      "title": "Ranma ½",
      "views": 7594,
      "revenue": 12959
    },
    {
      "date": "2025-09-09",
      "title": "Kono Subarashii Sekai ni Shukufuku wo!",
      "views": 127506,
      "revenue": 18817
    },
    {
      "date": "2025-09-09",
      "title": "Kono Subarashii Sekai ni Shukufuku wo! 2",
      "views": 99090,
      "revenue": 15273
    },
    {
      "date": "2025-09-09",
      "title": "Fate/stay night",
      "views": 27179,
      "revenue": 15786
    },
    {
      "date": "2025-09-09",
      "title": "Higurashi no Naku Koro ni",
      "views": 31971,
      "revenue": 22359
    },
    {
      "date": "2025-09-09",
      "title": "Sakamoto desu ga?",
      "views": 24947,
      "revenue": 7764
    },
    {
      "date": "2025-09-09",
      "title": "Nanatsu no Taizai: Kamigami no Gekirin",
      "views": 16223,
      "revenue": 13107
    },
    {
      "date": "2025-09-09",
      "title": "Sankarea",
      "views": 23690,
      "revenue": 7432
    },
    {
      "date": "2025-09-09",
      "title": "Kore wa Zombie desu ka?",
      "views": 18653,
      "revenue": 5901
    },
    {
      "date": "2025-09-09",
      "title": "Log Horizon 2nd Season",
      "views": 20187,
      "revenue": 13764
    },
    {
      "date": "2025-09-09",
      "title": "Vampire Knight",
      "views": 16626,
      "revenue": 8043
    },
    {
      "date": "2025-09-09",
      "title": "Fruits Basket",
      "views": 18359,
      "revenue": 13669
    },
    {
      "date": "2025-09-09",
      "title": "Rurouni Kenshin: Meiji Kenkaku Romantan",
      "views": 24043,
      "revenue": 21768
    },
    {
      "date": "2025-09-09",
      "title": "Higurashi no Naku Koro ni Kai",
      "views": 25809,
      "revenue": 11541
    },
    {
      "date": "2025-09-09",
      "title": "Nanatsu no Taizai: Funnu no Shinpan",
      "views": 10347,
      "revenue": 9546
    },
    {
      "date": "2025-09-09",
      "title": "Kore wa Zombie desu ka? of the Dead",
      "views": 14772,
      "revenue": 4525
    },
    {
      "date": "2025-09-09",
      "title": "Vampire Knight Guilty",
      "views": 14916,
      "revenue": 5660
    },
    {
      "date": "2025-09-09",
      "title": "Jigoku Shoujo",
      "views": 14701,
      "revenue": 12020
    },
    {
      "date": "2025-09-09",
      "title": "Shouwa Genroku Rakugo Shinjuu",
      "views": 13804,
      "revenue": 4058
    },
    {
      "date": "2025-09-09",
      "title": "Nurarihyon no Mago",
      "views": 7815,
      "revenue": 6469
    },
    {
      "date": "2025-09-09",
      "title": "Ranma ½",
      "views": 8865,
      "revenue": 15128
    },
    {
      "date": "2025-09-10",
      "title": "Kono Subarashii Sekai ni Shukufuku wo!",
      "views": 99164,
      "revenue": 14635
    },
    {
      "date": "2025-09-10",
      "title": "Kono Subarashii Sekai ni Shukufuku wo! 2",
      "views": 97015,
      "revenue": 14953
    },
    {
      "date": "2025-09-10",
      "title": "Fate/stay night",
      "views": 33334,
      "revenue": 19361
    },
    {
      "date": "2025-09-10",
      "title": "Higurashi no Naku Koro ni",
      "views": 29616,
      "revenue": 20712
    },
    {
      "date": "2025-09-10",
      "title": "Sakamoto desu ga?",
      "views": 24620,
      "revenue": 7663
    },
    {
      "date": "2025-09-10",
      "title": "Nanatsu no Taizai: Kamigami no Gekirin",
      "views": 19357,
      "revenue": 15639
    },
    {
      "date": "2025-09-10",
      "title": "Sankarea",
      "views": 22112,
      "revenue": 6937
    },
    {
      "date": "2025-09-10",
      "title": "Kore wa Zombie desu ka?",
      "views": 24094,
      "revenue": 7622
    },
    {
      "date": "2025-09-10",
      "title": "Log Horizon 2nd Season",
      "views": 22546,
      "revenue": 15373
    },
    {
      "date": "2025-09-10",
      "title": "Vampire Knight",
      "views": 15568,
      "revenue": 7531
    },
    {
      "date": "2025-09-10",
      "title": "Fruits Basket",
      "views": 17926,
      "revenue": 13347
    },
    {
      "date": "2025-09-10",
      "title": "Rurouni Kenshin: Meiji Kenkaku Romantan",
      "views": 34164,
      "revenue": 30932
    },
    {
      "date": "2025-09-10",
      "title": "Higurashi no Naku Koro ni Kai",
      "views": 28141,
      "revenue": 12584
    },
    {
      "date": "2025-09-10",
      "title": "Nanatsu no Taizai: Funnu no Shinpan",
      "views": 10264,
      "revenue": 9470
    },
    {
      "date": "2025-09-10",
      "title": "Kore wa Zombie desu ka? of the Dead",
      "views": 13735,
      "revenue": 4207
    },
    {
      "date": "2025-09-10",
      "title": "Vampire Knight Guilty",
      "views": 12157,
      "revenue": 4613
    },
    {
      "date": "2025-09-10",
      "title": "Jigoku Shoujo",
      "views": 14753,
      "revenue": 12063
    },
    {
      "date": "2025-09-10",
      "title": "Shouwa Genroku Rakugo Shinjuu",
      "views": 17587,
      "revenue": 5170
    },
    {
      "date": "2025-09-10",
      "title": "Nurarihyon no Mago",
      "views": 8396,
      "revenue": 6951
    },
    {
      "date": "2025-09-10",
      "title": "Ranma ½",
      "views": 9226,
      "revenue": 15745
    },
    {
      "date": "2025-09-11",
      "title": "Kono Subarashii Sekai ni Shukufuku wo!",
      "views": 132441,
      "revenue": 19546
    },
    {
      "date": "2025-09-11",
      "title": "Kono Subarashii Sekai ni Shukufuku wo! 2",
      "views": 72351,
      "revenue": 11151
    },
    {
      "date": "2025-09-11",
      "title": "Fate/stay night",
      "views": 35929,
      "revenue": 20869
    },
    {
      "date": "2025-09-11",
      "title": "Higurashi no Naku Koro ni",
      "views": 25374,
      "revenue": 17745
    },
    {
      "date": "2025-09-11",
      "title": "Sakamoto desu ga?",
      "views": 26195,
      "revenue": 8153
    },
    {
      "date": "2025-09-11",
      "title": "Nanatsu no Taizai: Kamigami no Gekirin",
      "views": 19556,
      "revenue": 15800
    },
    {
      "date": "2025-09-11",
      "title": "Sankarea",
      "views": 18440,
      "revenue": 5785
    },
    {
      "date": "2025-09-11",
      "title": "Kore wa Zombie desu ka?",
      "views": 18805,
      "revenue": 5949
    },
    {
      "date": "2025-09-11",
      "title": "Log Horizon 2nd Season",
      "views": 18523,
      "revenue": 12629
    },
    {
      "date": "2025-09-11",
      "title": "Vampire Knight",
      "views": 11405,
      "revenue": 5517
    },
    {
      "date": "2025-09-11",
      "title": "Fruits Basket",
      "views": 17734,
      "revenue": 13203
    },
    {
      "date": "2025-09-11",
      "title": "Rurouni Kenshin: Meiji Kenkaku Romantan",
      "views": 28908,
      "revenue": 26172
    },
    {
      "date": "2025-09-11",
      "title": "Higurashi no Naku Koro ni Kai",
      "views": 29717,
      "revenue": 13289
    },
    {
      "date": "2025-09-11",
      "title": "Nanatsu no Taizai: Funnu no Shinpan",
      "views": 10563,
      "revenue": 9746
    },
    {
      "date": "2025-09-11",
      "title": "Kore wa Zombie desu ka? of the Dead",
      "views": 11612,
      "revenue": 3557
    },
    {
      "date": "2025-09-11",
      "title": "Vampire Knight Guilty",
      "views": 13632,
      "revenue": 5172
    },
    {
      "date": "2025-09-11",
      "title": "Jigoku Shoujo",
      "views": 11684,
      "revenue": 9553
    },
    {
      "date": "2025-09-11",
      "title": "Shouwa Genroku Rakugo Shinjuu",
      "views": 18515,
      "revenue": 5443
    },
    {
      "date": "2025-09-11",
      "title": "Nurarihyon no Mago",
      "views": 9952,
      "revenue": 8238
    },
    {
      "date": "2025-09-11",
      "title": "Ranma ½",
      "views": 9328,
      "revenue": 15918
    },
    {
      "date": "2025-09-12",
      "title": "Kono Subarashii Sekai ni Shukufuku wo!",
      "views": 122316,
      "revenue": 18052
    },
    {
      "date": "2025-09-12",
      "title": "Kono Subarashii Sekai ni Shukufuku wo! 2",
      "views": 105032,
      "revenue": 16188
    },
    {
      "date": "2025-09-12",
      "title": "Fate/stay night",
      "views": 34083,
      "revenue": 19796
    },
    {
      "date": "2025-09-12",
      "title": "Higurashi no Naku Koro ni",
      "views": 27813,
      "revenue": 19451
    },
    {
      "date": "2025-09-12",
      "title": "Sakamoto desu ga?",
      "views": 28030,
      "revenue": 8724
    },
    {
      "date": "2025-09-12",
      "title": "Nanatsu no Taizai: Kamigami no Gekirin",
      "views": 14246,
      "revenue": 11510
    },
    {
      "date": "2025-09-12",
      "title": "Sankarea",
      "views": 17660,
      "revenue": 5540
    },
    {
      "date": "2025-09-12",
      "title": "Kore wa Zombie desu ka?",
      "views": 20024,
      "revenue": 6335
    },
    {
      "date": "2025-09-12",
      "title": "Log Horizon 2nd Season",
      "views": 24685,
      "revenue": 16831
    },
    {
      "date": "2025-09-12",
      "title": "Vampire Knight",
      "views": 12208,
      "revenue": 5906
    },
    {
      "date": "2025-09-12",
      "title": "Fruits Basket",
      "views": 17968,
      "revenue": 13378
    },
    {
      "date": "2025-09-12",
      "title": "Rurouni Kenshin: Meiji Kenkaku Romantan",
      "views": 23308,
      "revenue": 21103
    },
    {
      "date": "2025-09-12",
      "title": "Higurashi no Naku Koro ni Kai",
      "views": 31980,
      "revenue": 14301
    },
    {
      "date": "2025-09-12",
      "title": "Nanatsu no Taizai: Funnu no Shinpan",
      "views": 10047,
      "revenue": 9269
    },
    {
      "date": "2025-09-12",
      "title": "Kore wa Zombie desu ka? of the Dead",
      "views": 13393,
      "revenue": 4102
    },
    {
      "date": "2025-09-12",
      "title": "Vampire Knight Guilty",
      "views": 10960,
      "revenue": 4158
    },
    {
      "date": "2025-09-12",
      "title": "Jigoku Shoujo",
      "views": 13684,
      "revenue": 11189
    },
    {
      "date": "2025-09-12",
      "title": "Shouwa Genroku Rakugo Shinjuu",
      "views": 19408,
      "revenue": 5706
    },
    {
      "date": "2025-09-12",
      "title": "Nurarihyon no Mago",
      "views": 11068,
      "revenue": 9162
    },
    {
      "date": "2025-09-12",
      "title": "Ranma ½",
      "views": 7951,
      "revenue": 13569
    },
    {
      "date": "2025-09-13",
      "title": "Kono Subarashii Sekai ni Shukufuku wo!",
      "views": 127181,
      "revenue": 18770
    },
    {
      "date": "2025-09-13",
      "title": "Kono Subarashii Sekai ni Shukufuku wo! 2",
      "views": 85641,
      "revenue": 13200
    },
    {
      "date": "2025-09-13",
      "title": "Fate/stay night",
      "views": 28253,
      "revenue": 16410
    },
    {
      "date": "2025-09-13",
      "title": "Higurashi no Naku Koro ni",
      "views": 29922,
      "revenue": 20926
    },
    {
      "date": "2025-09-13",
      "title": "Sakamoto desu ga?",
      "views": 30060,
      "revenue": 9356
    },
    {
      "date": "2025-09-13",
      "title": "Nanatsu no Taizai: Kamigami no Gekirin",
      "views": 17309,
      "revenue": 13984
    },
    {
      "date": "2025-09-13",
      "title": "Sankarea",
      "views": 22872,
      "revenue": 7175
    },
    {
      "date": "2025-09-13",
      "title": "Kore wa Zombie desu ka?",
      "views": 25700,
      "revenue": 8130
    },
    {
      "date": "2025-09-13",
      "title": "Log Horizon 2nd Season",
      "views": 22658,
      "revenue": 15449
    },
    {
      "date": "2025-09-13",
      "title": "Vampire Knight",
      "views": 14513,
      "revenue": 7020
    },
    {
      "date": "2025-09-13",
      "title": "Fruits Basket",
      "views": 19305,
      "revenue": 14373
    },
    {
      "date": "2025-09-13",
      "title": "Rurouni Kenshin: Meiji Kenkaku Romantan",
      "views": 24960,
      "revenue": 22598
    },
    {
      "date": "2025-09-13",
      "title": "Higurashi no Naku Koro ni Kai",
      "views": 29730,
      "revenue": 13294
    },
    {
      "date": "2025-09-13",
      "title": "Nanatsu no Taizai: Funnu no Shinpan",
      "views": 9621,
      "revenue": 8876
    },
    {
      "date": "2025-09-13",
      "title": "Kore wa Zombie desu ka? of the Dead",
      "views": 13472,
      "revenue": 4126
    },
    {
      "date": "2025-09-13",
      "title": "Vampire Knight Guilty",
      "views": 15125,
      "revenue": 5739
    },
    {
      "date": "2025-09-13",
      "title": "Jigoku Shoujo",
      "views": 13710,
      "revenue": 11211
    },
    {
      "date": "2025-09-13",
      "title": "Shouwa Genroku Rakugo Shinjuu",
      "views": 16547,
      "revenue": 4865
    },
    {
      "date": "2025-09-13",
      "title": "Nurarihyon no Mago",
      "views": 9894,
      "revenue": 8190
    },
    {
      "date": "2025-09-13",
      "title": "Ranma ½",
      "views": 9809,
      "revenue": 16739
    },
    {
      "date": "2025-09-14",
      "title": "Kono Subarashii Sekai ni Shukufuku wo!",
      "views": 117291,
      "revenue": 17310
    },
    {
      "date": "2025-09-14",
      "title": "Kono Subarashii Sekai ni Shukufuku wo! 2",
      "views": 99215,
      "revenue": 15292
    },
    {
      "date": "2025-09-14",
      "title": "Fate/stay night",
      "views": 29425,
      "revenue": 17091
    },
    {
      "date": "2025-09-14",
      "title": "Higurashi no Naku Koro ni",
      "views": 31820,
      "revenue": 22254
    },
    {
      "date": "2025-09-14",
      "title": "Sakamoto desu ga?",
      "views": 25484,
      "revenue": 7932
    },
    {
      "date": "2025-09-14",
      "title": "Nanatsu no Taizai: Kamigami no Gekirin",
      "views": 16960,
      "revenue": 13703
    },
    {
      "date": "2025-09-14",
      "title": "Sankarea",
      "views": 18518,
      "revenue": 5809
    },
    {
      "date": "2025-09-14",
      "title": "Kore wa Zombie desu ka?",
      "views": 22261,
      "revenue": 7042
    },
    {
      "date": "2025-09-14",
      "title": "Log Horizon 2nd Season",
      "views": 22831,
      "revenue": 15567
    },
    {
      "date": "2025-09-14",
      "title": "Vampire Knight",
      "views": 15723,
      "revenue": 7606
    },
    {
      "date": "2025-09-14",
      "title": "Fruits Basket",
      "views": 17501,
      "revenue": 13030
    },
    {
      "date": "2025-09-14",
      "title": "Rurouni Kenshin: Meiji Kenkaku Romantan",
      "views": 29511,
      "revenue": 26719
    },
    {
      "date": "2025-09-14",
      "title": "Higurashi no Naku Koro ni Kai",
      "views": 34222,
      "revenue": 15303
    },
    {
      "date": "2025-09-14",
      "title": "Nanatsu no Taizai: Funnu no Shinpan",
      "views": 9083,
      "revenue": 8379
    },
    {
      "date": "2025-09-14",
      "title": "Kore wa Zombie desu ka? of the Dead",
      "views": 15401,
      "revenue": 4717
    },
    {
      "date": "2025-09-14",
      "title": "Vampire Knight Guilty",
      "views": 11996,
      "revenue": 4552
    },
    {
      "date": "2025-09-14",
      "title": "Jigoku Shoujo",
      "views": 14561,
      "revenue": 11906
    },
    {
      "date": "2025-09-14",
      "title": "Shouwa Genroku Rakugo Shinjuu",
      "views": 19195,
      "revenue": 5643
    },
    {
      "date": "2025-09-14",
      "title": "Nurarihyon no Mago",
      "views": 11407,
      "revenue": 9443
    },
    {
      "date": "2025-09-14",
      "title": "Ranma ½",
      "views": 9936,
      "revenue": 16956
    },
    {
      "date": "2025-09-15",
      "title": "Kono Subarashii Sekai ni Shukufuku wo!",
      "views": 132704,
      "revenue": 19585
    },
    {
      "date": "2025-09-15",
      "title": "Kono Subarashii Sekai ni Shukufuku wo! 2",
      "views": 91714,
      "revenue": 14136
    },
    {
      "date": "2025-09-15",
      "title": "Fate/stay night",
      "views": 29488,
      "revenue": 17128
    },
    {
      "date": "2025-09-15",
      "title": "Higurashi no Naku Koro ni",
      "views": 32905,
      "revenue": 23012
    },
    {
      "date": "2025-09-15",
      "title": "Sakamoto desu ga?",
      "views": 22611,
      "revenue": 7038
    },
    {
      "date": "2025-09-15",
      "title": "Nanatsu no Taizai: Kamigami no Gekirin",
      "views": 15093,
      "revenue": 12194
    },
    {
      "date": "2025-09-15",
      "title": "Sankarea",
      "views": 24603,
      "revenue": 7718
    },
    {
      "date": "2025-09-15",
      "title": "Kore wa Zombie desu ka?",
      "views": 18844,
      "revenue": 5961
    },
    {
      "date": "2025-09-15",
      "title": "Log Horizon 2nd Season",
      "views": 19368,
      "revenue": 13206
    },
    {
      "date": "2025-09-15",
      "title": "Vampire Knight",
      "views": 15428,
      "revenue": 7463
    },
    {
      "date": "2025-09-15",
      "title": "Fruits Basket",
      "views": 18196,
      "revenue": 13547
    },
    {
      "date": "2025-09-15",
      "title": "Rurouni Kenshin: Meiji Kenkaku Romantan",
      "views": 30769,
      "revenue": 27858
    },
    {
      "date": "2025-09-15",
      "title": "Higurashi no Naku Koro ni Kai",
      "views": 25009,
      "revenue": 11183
    },
    {
      "date": "2025-09-15",
      "title": "Nanatsu no Taizai: Funnu no Shinpan",
      "views": 11944,
      "revenue": 11019
    },
    {
      "date": "2025-09-15",
      "title": "Kore wa Zombie desu ka? of the Dead",
      "views": 10960,
      "revenue": 3357
    },
    {
      "date": "2025-09-15",
      "title": "Vampire Knight Guilty",
      "views": 11138,
      "revenue": 4226
    },
    {
      "date": "2025-09-15",
      "title": "Jigoku Shoujo",
      "views": 12473,
      "revenue": 10199
    },
    {
      "date": "2025-09-15",
      "title": "Shouwa Genroku Rakugo Shinjuu",
      "views": 19249,
      "revenue": 5659
    },
    {
      "date": "2025-09-15",
      "title": "Nurarihyon no Mago",
      "views": 10734,
      "revenue": 8886
    },
    {
      "date": "2025-09-15",
      "title": "Ranma ½",
      "views": 10718,
      "revenue": 18291
    },
    {
      "date": "2025-09-16",
      "title": "Kono Subarashii Sekai ni Shukufuku wo!",
      "views": 123036,
      "revenue": 18158
    },
    {
      "date": "2025-09-16",
      "title": "Kono Subarashii Sekai ni Shukufuku wo! 2",
      "views": 72786,
      "revenue": 11219
    },
    {
      "date": "2025-09-16",
      "title": "Fate/stay night",
      "views": 29428,
      "revenue": 17093
    },
    {
      "date": "2025-09-16",
      "title": "Higurashi no Naku Koro ni",
      "views": 24509,
      "revenue": 17140
    },
    {
      "date": "2025-09-16",
      "title": "Sakamoto desu ga?",
      "views": 31866,
      "revenue": 9918
    },
    {
      "date": "2025-09-16",
      "title": "Nanatsu no Taizai: Kamigami no Gekirin",
      "views": 18369,
      "revenue": 14841
    },
    {
      "date": "2025-09-16",
      "title": "Sankarea",
      "views": 17881,
      "revenue": 5610
    },
    {
      "date": "2025-09-16",
      "title": "Kore wa Zombie desu ka?",
      "views": 24379,
      "revenue": 7712
    },
    {
      "date": "2025-09-16",
      "title": "Log Horizon 2nd Season",
      "views": 24390,
      "revenue": 16630
    },
    {
      "date": "2025-09-16",
      "title": "Vampire Knight",
      "views": 16551,
      "revenue": 8006
    },
    {
      "date": "2025-09-16",
      "title": "Fruits Basket",
      "views": 20819,
      "revenue": 15501
    },
    {
      "date": "2025-09-16",
      "title": "Rurouni Kenshin: Meiji Kenkaku Romantan",
      "views": 27232,
      "revenue": 24655
    },
    {
      "date": "2025-09-16",
      "title": "Higurashi no Naku Koro ni Kai",
      "views": 25128,
      "revenue": 11236
    },
    {
      "date": "2025-09-16",
      "title": "Nanatsu no Taizai: Funnu no Shinpan",
      "views": 10907,
      "revenue": 10062
    },
    {
      "date": "2025-09-16",
      "title": "Kore wa Zombie desu ka? of the Dead",
      "views": 12461,
      "revenue": 3817
    },
    {
      "date": "2025-09-16",
      "title": "Vampire Knight Guilty",
      "views": 10223,
      "revenue": 3879
    },
    {
      "date": "2025-09-16",
      "title": "Jigoku Shoujo",
      "views": 13303,
      "revenue": 10877
    },
    {
      "date": "2025-09-16",
      "title": "Shouwa Genroku Rakugo Shinjuu",
      "views": 19640,
      "revenue": 5774
    },
    {
      "date": "2025-09-16",
      "title": "Nurarihyon no Mago",
      "views": 10953,
      "revenue": 9067
    },
    {
      "date": "2025-09-16",
      "title": "Ranma ½",
      "views": 7814,
      "revenue": 13335
    },
    {
      "date": "2025-09-17",
      "title": "Kono Subarashii Sekai ni Shukufuku wo!",
      "views": 105407,
      "revenue": 15556
    },
    {
      "date": "2025-09-17",
      "title": "Kono Subarashii Sekai ni Shukufuku wo! 2",
      "views": 89808,
      "revenue": 13842
    },
    {
      "date": "2025-09-17",
      "title": "Fate/stay night",
      "views": 29502,
      "revenue": 17136
    },
    {
      "date": "2025-09-17",
      "title": "Higurashi no Naku Koro ni",
      "views": 32747,
      "revenue": 22902
    },
    {
      "date": "2025-09-17",
      "title": "Sakamoto desu ga?",
      "views": 23948,
      "revenue": 7453
    },
    {
      "date": "2025-09-17",
      "title": "Nanatsu no Taizai: Kamigami no Gekirin",
      "views": 15250,
      "revenue": 12321
    },
    {
      "date": "2025-09-17",
      "title": "Sankarea",
      "views": 24582,
      "revenue": 7712
    },
    {
      "date": "2025-09-17",
      "title": "Kore wa Zombie desu ka?",
      "views": 20391,
      "revenue": 6451
    },
    {
      "date": "2025-09-17",
      "title": "Log Horizon 2nd Season",
      "views": 18394,
      "revenue": 12542
    },
    {
      "date": "2025-09-17",
      "title": "Vampire Knight",
      "views": 16596,
      "revenue": 8028
    },
    {
      "date": "2025-09-17",
      "title": "Fruits Basket",
      "views": 17192,
      "revenue": 12800
    },
    {
      "date": "2025-09-17",
      "title": "Rurouni Kenshin: Meiji Kenkaku Romantan",
      "views": 26898,
      "revenue": 24353
    },
    {
      "date": "2025-09-17",
      "title": "Higurashi no Naku Koro ni Kai",
      "views": 30090,
      "revenue": 13455
    },
    {
      "date": "2025-09-17",
      "title": "Nanatsu no Taizai: Funnu no Shinpan",
      "views": 10695,
      "revenue": 9867
    },
    {
      "date": "2025-09-17",
      "title": "Kore wa Zombie desu ka? of the Dead",
      "views": 14363,
      "revenue": 4399
    },
    {
      "date": "2025-09-17",
      "title": "Vampire Knight Guilty",
      "views": 14434,
      "revenue": 5477
    },
    {
      "date": "2025-09-17",
      "title": "Jigoku Shoujo",
      "views": 11601,
      "revenue": 9485
    },
    {
      "date": "2025-09-17",
      "title": "Shouwa Genroku Rakugo Shinjuu",
      "views": 19590,
      "revenue": 5759
    },
    {
      "date": "2025-09-17",
      "title": "Nurarihyon no Mago",
      "views": 10901,
      "revenue": 9024
    },
    {
      "date": "2025-09-17",
      "title": "Ranma ½",
      "views": 9336,
      "revenue": 15932
    },
    {
      "date": "2025-09-18",
      "title": "Kono Subarashii Sekai ni Shukufuku wo!",
      "views": 127590,
      "revenue": 18830
    },
    {
      "date": "2025-09-18",
      "title": "Kono Subarashii Sekai ni Shukufuku wo! 2",
      "views": 98447,
      "revenue": 15174
    },
    {
      "date": "2025-09-18",
      "title": "Fate/stay night",
      "views": 36065,
      "revenue": 20948
    },
    {
      "date": "2025-09-18",
      "title": "Higurashi no Naku Koro ni",
      "views": 27886,
      "revenue": 19502
    },
    {
      "date": "2025-09-18",
      "title": "Sakamoto desu ga?",
      "views": 25179,
      "revenue": 7837
    },
    {
      "date": "2025-09-18",
      "title": "Nanatsu no Taizai: Kamigami no Gekirin",
      "views": 14250,
      "revenue": 11513
    },
    {
      "date": "2025-09-18",
      "title": "Sankarea",
      "views": 21650,
      "revenue": 6792
    },
    {
      "date": "2025-09-18",
      "title": "Kore wa Zombie desu ka?",
      "views": 19498,
      "revenue": 6168
    },
    {
      "date": "2025-09-18",
      "title": "Log Horizon 2nd Season",
      "views": 19451,
      "revenue": 13262
    },
    {
      "date": "2025-09-18",
      "title": "Vampire Knight",
      "views": 16173,
      "revenue": 7823
    },
    {
      "date": "2025-09-18",
      "title": "Fruits Basket",
      "views": 18650,
      "revenue": 13885
    },
    {
      "date": "2025-09-18",
      "title": "Rurouni Kenshin: Meiji Kenkaku Romantan",
      "views": 30800,
      "revenue": 27886
    },
    {
      "date": "2025-09-18",
      "title": "Higurashi no Naku Koro ni Kai",
      "views": 23600,
      "revenue": 10553
    },
    {
      "date": "2025-09-18",
      "title": "Nanatsu no Taizai: Funnu no Shinpan",
      "views": 8787,
      "revenue": 8107
    },
    {
      "date": "2025-09-18",
      "title": "Kore wa Zombie desu ka? of the Dead",
      "views": 14715,
      "revenue": 4507
    },
    {
      "date": "2025-09-18",
      "title": "Vampire Knight Guilty",
      "views": 13847,
      "revenue": 5254
    },
    {
      "date": "2025-09-18",
      "title": "Jigoku Shoujo",
      "views": 13115,
      "revenue": 10724
    },
    {
      "date": "2025-09-18",
      "title": "Shouwa Genroku Rakugo Shinjuu",
      "views": 15859,
      "revenue": 4662
    },
    {
      "date": "2025-09-18",
      "title": "Nurarihyon no Mago",
      "views": 7688,
      "revenue": 6364
    },
    {
      "date": "2025-09-18",
      "title": "Ranma ½",
      "views": 10936,
      "revenue": 18662
    },
    {
      "date": "2025-09-19",
      "title": "Kono Subarashii Sekai ni Shukufuku wo!",
      "views": 123204,
      "revenue": 18183
    },
    {
      "date": "2025-09-19",
      "title": "Kono Subarashii Sekai ni Shukufuku wo! 2",
      "views": 92733,
      "revenue": 14293
    },
    {
      "date": "2025-09-19",
      "title": "Fate/stay night",
      "views": 35635,
      "revenue": 20698
    },
    {
      "date": "2025-09-19",
      "title": "Higurashi no Naku Koro ni",
      "views": 24497,
      "revenue": 17132
    },
    {
      "date": "2025-09-19",
      "title": "Sakamoto desu ga?",
      "views": 28652,
      "revenue": 8918
    },
    {
      "date": "2025-09-19",
      "title": "Nanatsu no Taizai: Kamigami no Gekirin",
      "views": 20031,
      "revenue": 16184
    },
    {
      "date": "2025-09-19",
      "title": "Sankarea",
      "views": 19649,
      "revenue": 6164
    },
    {
      "date": "2025-09-19",
      "title": "Kore wa Zombie desu ka?",
      "views": 20266,
      "revenue": 6411
    },
    {
      "date": "2025-09-19",
      "title": "Log Horizon 2nd Season",
      "views": 19342,
      "revenue": 13188
    },
    {
      "date": "2025-09-19",
      "title": "Vampire Knight",
      "views": 15359,
      "revenue": 7430
    },
    {
      "date": "2025-09-19",
      "title": "Fruits Basket",
      "views": 17115,
      "revenue": 12743
    },
    {
      "date": "2025-09-19",
      "title": "Rurouni Kenshin: Meiji Kenkaku Romantan",
      "views": 32640,
      "revenue": 29552
    },
    {
      "date": "2025-09-19",
      "title": "Higurashi no Naku Koro ni Kai",
      "views": 24752,
      "revenue": 11068
    },
    {
      "date": "2025-09-19",
      "title": "Nanatsu no Taizai: Funnu no Shinpan",
      "views": 9578,
      "revenue": 8836
    },
    {
      "date": "2025-09-19",
      "title": "Kore wa Zombie desu ka? of the Dead",
      "views": 12579,
      "revenue": 3853
    },
    {
      "date": "2025-09-19",
      "title": "Vampire Knight Guilty",
      "views": 11579,
      "revenue": 4394
    },
    {
      "date": "2025-09-19",
      "title": "Jigoku Shoujo",
      "views": 10437,
      "revenue": 8534
    },
    {
      "date": "2025-09-19",
      "title": "Shouwa Genroku Rakugo Shinjuu",
      "views": 17082,
      "revenue": 5022
    },
    {
      "date": "2025-09-19",
      "title": "Nurarihyon no Mago",
      "views": 9257,
      "revenue": 7663
    },
    {
      "date": "2025-09-19",
      "title": "Ranma ½",
      "views": 11018,
      "revenue": 18802
    },
    {
      "date": "2025-09-20",
      "title": "Kono Subarashii Sekai ni Shukufuku wo!",
      "views": 109901,
      "revenue": 16219
    },
    {
      "date": "2025-09-20",
      "title": "Kono Subarashii Sekai ni Shukufuku wo! 2",
      "views": 84449,
      "revenue": 13016
    },
    {
      "date": "2025-09-20",
      "title": "Fate/stay night",
      "views": 28743,
      "revenue": 16695
    },
    {
      "date": "2025-09-20",
      "title": "Higurashi no Naku Koro ni",
      "views": 26014,
      "revenue": 18193
    },
    {
      "date": "2025-09-20",
      "title": "Sakamoto desu ga?",
      "views": 23200,
      "revenue": 7221
    },
    {
      "date": "2025-09-20",
      "title": "Nanatsu no Taizai: Kamigami no Gekirin",
      "views": 17496,
      "revenue": 14136
    },
    {
      "date": "2025-09-20",
      "title": "Sankarea",
      "views": 19759,
      "revenue": 6199
    },
    {
      "date": "2025-09-20",
      "title": "Kore wa Zombie desu ka?",
      "views": 23628,
      "revenue": 7475
    },
    {
      "date": "2025-09-20",
      "title": "Log Horizon 2nd Season",
      "views": 25188,
      "revenue": 17174
    },
    {
      "date": "2025-09-20",
      "title": "Vampire Knight",
      "views": 14090,
      "revenue": 6816
    },
    {
      "date": "2025-09-20",
      "title": "Fruits Basket",
      "views": 18826,
      "revenue": 14017
    },
    {
      "date": "2025-09-20",
      "title": "Rurouni Kenshin: Meiji Kenkaku Romantan",
      "views": 23089,
      "revenue": 20904
    },
    {
      "date": "2025-09-20",
      "title": "Higurashi no Naku Koro ni Kai",
      "views": 31198,
      "revenue": 13951
    },
    {
      "date": "2025-09-20",
      "title": "Nanatsu no Taizai: Funnu no Shinpan",
      "views": 11575,
      "revenue": 10679
    },
    {
      "date": "2025-09-20",
      "title": "Kore wa Zombie desu ka? of the Dead",
      "views": 13281,
      "revenue": 4068
    },
    {
      "date": "2025-09-20",
      "title": "Vampire Knight Guilty",
      "views": 14109,
      "revenue": 5354
    },
    {
      "date": "2025-09-20",
      "title": "Jigoku Shoujo",
      "views": 13786,
      "revenue": 11272
    },
    {
      "date": "2025-09-20",
      "title": "Shouwa Genroku Rakugo Shinjuu",
      "views": 17631,
      "revenue": 5183
    },
    {
      "date": "2025-09-20",
      "title": "Nurarihyon no Mago",
      "views": 9708,
      "revenue": 8037
    },
    {
      "date": "2025-09-20",
      "title": "Ranma ½",
      "views": 7517,
      "revenue": 12828
    },
    {
      "date": "2025-09-21",
      "title": "Kono Subarashii Sekai ni Shukufuku wo!",
      "views": 131881,
      "revenue": 19463
    },
    {
      "date": "2025-09-21",
      "title": "Kono Subarashii Sekai ni Shukufuku wo! 2",
      "views": 94850,
      "revenue": 14619
    },
    {
      "date": "2025-09-21",
      "title": "Fate/stay night",
      "views": 37223,
      "revenue": 21620
    },
    {
      "date": "2025-09-21",
      "title": "Higurashi no Naku Koro ni",
      "views": 30785,
      "revenue": 21530
    },
    {
      "date": "2025-09-21",
      "title": "Sakamoto desu ga?",
      "views": 28951,
      "revenue": 9011
    },
    {
      "date": "2025-09-21",
      "title": "Nanatsu no Taizai: Kamigami no Gekirin",
      "views": 16368,
      "revenue": 13224
    },
    {
      "date": "2025-09-21",
      "title": "Sankarea",
      "views": 19586,
      "revenue": 6145
    },
    {
      "date": "2025-09-21",
      "title": "Kore wa Zombie desu ka?",
      "views": 20326,
      "revenue": 6430
    },
    {
      "date": "2025-09-21",
      "title": "Log Horizon 2nd Season",
      "views": 18955,
      "revenue": 12924
    },
    {
      "date": "2025-09-21",
      "title": "Vampire Knight",
      "views": 14940,
      "revenue": 7227
    },
    {
      "date": "2025-09-21",
      "title": "Fruits Basket",
      "views": 18204,
      "revenue": 13553
    },
    {
      "date": "2025-09-21",
      "title": "Rurouni Kenshin: Meiji Kenkaku Romantan",
      "views": 31095,
      "revenue": 28153
    },
    {
      "date": "2025-09-21",
      "title": "Higurashi no Naku Koro ni Kai",
      "views": 30574,
      "revenue": 13672
    },
    {
      "date": "2025-09-21",
      "title": "Nanatsu no Taizai: Funnu no Shinpan",
      "views": 12121,
      "revenue": 11183
    },
    {
      "date": "2025-09-21",
      "title": "Kore wa Zombie desu ka? of the Dead",
      "views": 11169,
      "revenue": 3421
    },
    {
      "date": "2025-09-21",
      "title": "Vampire Knight Guilty",
      "views": 11590,
      "revenue": 4398
    },
    {
      "date": "2025-09-21",
      "title": "Jigoku Shoujo",
      "views": 10876,
      "revenue": 8893
    },
    {
      "date": "2025-09-21",
      "title": "Shouwa Genroku Rakugo Shinjuu",
      "views": 13975,
      "revenue": 4109
    },
    {
      "date": "2025-09-21",
      "title": "Nurarihyon no Mago",
      "views": 10740,
      "revenue": 8891
    },
    {
      "date": "2025-09-21",
      "title": "Ranma ½",
      "views": 10456,
      "revenue": 17844
    },
    {
      "date": "2025-09-22",
      "title": "Kono Subarashii Sekai ni Shukufuku wo!",
      "views": 104507,
      "revenue": 15423
    },
    {
      "date": "2025-09-22",
      "title": "Kono Subarashii Sekai ni Shukufuku wo! 2",
      "views": 80560,
      "revenue": 12417
    },
    {
      "date": "2025-09-22",
      "title": "Fate/stay night",
      "views": 38758,
      "revenue": 22512
    },
    {
      "date": "2025-09-22",
      "title": "Higurashi no Naku Koro ni",
      "views": 33355,
      "revenue": 23327
    },
    {
      "date": "2025-09-22",
      "title": "Sakamoto desu ga?",
      "views": 29773,
      "revenue": 9267
    },
    {
      "date": "2025-09-22",
      "title": "Nanatsu no Taizai: Kamigami no Gekirin",
      "views": 17668,
      "revenue": 14275
    },
    {
      "date": "2025-09-22",
      "title": "Sankarea",
      "views": 17428,
      "revenue": 5467
    },
    {
      "date": "2025-09-22",
      "title": "Kore wa Zombie desu ka?",
      "views": 19682,
      "revenue": 6227
    },
    {
      "date": "2025-09-22",
      "title": "Log Horizon 2nd Season",
      "views": 17769,
      "revenue": 12115
    },
    {
      "date": "2025-09-22",
      "title": "Vampire Knight",
      "views": 15274,
      "revenue": 7389
    },
    {
      "date": "2025-09-22",
      "title": "Fruits Basket",
      "views": 18564,
      "revenue": 13822
    },
    {
      "date": "2025-09-22",
      "title": "Rurouni Kenshin: Meiji Kenkaku Romantan",
      "views": 32123,
      "revenue": 29084
    },
    {
      "date": "2025-09-22",
      "title": "Higurashi no Naku Koro ni Kai",
      "views": 33574,
      "revenue": 15013
    },
    {
      "date": "2025-09-22",
      "title": "Nanatsu no Taizai: Funnu no Shinpan",
      "views": 9095,
      "revenue": 8391
    },
    {
      "date": "2025-09-22",
      "title": "Kore wa Zombie desu ka? of the Dead",
      "views": 12786,
      "revenue": 3916
    },
    {
      "date": "2025-09-22",
      "title": "Vampire Knight Guilty",
      "views": 13553,
      "revenue": 5142
    },
    {
      "date": "2025-09-22",
      "title": "Jigoku Shoujo",
      "views": 12795,
      "revenue": 10462
    },
    {
      "date": "2025-09-22",
      "title": "Shouwa Genroku Rakugo Shinjuu",
      "views": 17521,
      "revenue": 5151
    },
    {
      "date": "2025-09-22",
      "title": "Nurarihyon no Mago",
      "views": 11018,
      "revenue": 9121
    },
    {
      "date": "2025-09-22",
      "title": "Ranma ½",
      "views": 9363,
      "revenue": 15978
    },
    {
      "date": "2025-09-23",
      "title": "Kono Subarashii Sekai ni Shukufuku wo!",
      "views": 96954,
      "revenue": 14309
    },
    {
      "date": "2025-09-23",
      "title": "Kono Subarashii Sekai ni Shukufuku wo! 2",
      "views": 96262,
      "revenue": 14837
    },
    {
      "date": "2025-09-23",
      "title": "Fate/stay night",
      "views": 28234,
      "revenue": 16399
    },
    {
      "date": "2025-09-23",
      "title": "Higurashi no Naku Koro ni",
      "views": 29722,
      "revenue": 20786
    },
    {
      "date": "2025-09-23",
      "title": "Sakamoto desu ga?",
      "views": 31025,
      "revenue": 9656
    },
    {
      "date": "2025-09-23",
      "title": "Nanatsu no Taizai: Kamigami no Gekirin",
      "views": 16270,
      "revenue": 13145
    },
    {
      "date": "2025-09-23",
      "title": "Sankarea",
      "views": 20015,
      "revenue": 6279
    },
    {
      "date": "2025-09-23",
      "title": "Kore wa Zombie desu ka?",
      "views": 25256,
      "revenue": 7990
    },
    {
      "date": "2025-09-23",
      "title": "Log Horizon 2nd Season",
      "views": 19918,
      "revenue": 13581
    },
    {
      "date": "2025-09-23",
      "title": "Vampire Knight",
      "views": 11416,
      "revenue": 5523
    },
    {
      "date": "2025-09-23",
      "title": "Fruits Basket",
      "views": 22393,
      "revenue": 16672
    },
    {
      "date": "2025-09-23",
      "title": "Rurouni Kenshin: Meiji Kenkaku Romantan",
      "views": 29914,
      "revenue": 27084
    },
    {
      "date": "2025-09-23",
      "title": "Higurashi no Naku Koro ni Kai",
      "views": 33898,
      "revenue": 15158
    },
    {
      "date": "2025-09-23",
      "title": "Nanatsu no Taizai: Funnu no Shinpan",
      "views": 11285,
      "revenue": 10412
    },
    {
      "date": "2025-09-23",
      "title": "Kore wa Zombie desu ka? of the Dead",
      "views": 12800,
      "revenue": 3921
    },
    {
      "date": "2025-09-23",
      "title": "Vampire Knight Guilty",
      "views": 11476,
      "revenue": 4355
    },
    {
      "date": "2025-09-23",
      "title": "Jigoku Shoujo",
      "views": 11912,
      "revenue": 9740
    },
    {
      "date": "2025-09-23",
      "title": "Shouwa Genroku Rakugo Shinjuu",
      "views": 16377,
      "revenue": 4815
    },
    {
      "date": "2025-09-23",
      "title": "Nurarihyon no Mago",
      "views": 11409,
      "revenue": 9445
    },
    {
      "date": "2025-09-23",
      "title": "Ranma ½",
      "views": 10999,
      "revenue": 18770
    },
    {
      "date": "2025-09-24",
      "title": "Kono Subarashii Sekai ni Shukufuku wo!",
      "views": 113659,
      "revenue": 16774
    },
    {
      "date": "2025-09-24",
      "title": "Kono Subarashii Sekai ni Shukufuku wo! 2",
      "views": 74102,
      "revenue": 11421
    },
    {
      "date": "2025-09-24",
      "title": "Fate/stay night",
      "views": 31504,
      "revenue": 18299
    },
    {
      "date": "2025-09-24",
      "title": "Higurashi no Naku Koro ni",
      "views": 26063,
      "revenue": 18227
    },
    {
      "date": "2025-09-24",
      "title": "Sakamoto desu ga?",
      "views": 26884,
      "revenue": 8367
    },
    {
      "date": "2025-09-24",
      "title": "Nanatsu no Taizai: Kamigami no Gekirin",
      "views": 15586,
      "revenue": 12593
    },
    {
      "date": "2025-09-24",
      "title": "Sankarea",
      "views": 25634,
      "revenue": 8042
    },
    {
      "date": "2025-09-24",
      "title": "Kore wa Zombie desu ka?",
      "views": 18523,
      "revenue": 5860
    },
    {
      "date": "2025-09-24",
      "title": "Log Horizon 2nd Season",
      "views": 24812,
      "revenue": 16918
    },
    {
      "date": "2025-09-24",
      "title": "Vampire Knight",
      "views": 12884,
      "revenue": 6233
    },
    {
      "date": "2025-09-24",
      "title": "Fruits Basket",
      "views": 16631,
      "revenue": 12382
    },
    {
      "date": "2025-09-24",
      "title": "Rurouni Kenshin: Meiji Kenkaku Romantan",
      "views": 28657,
      "revenue": 25945
    },
    {
      "date": "2025-09-24",
      "title": "Higurashi no Naku Koro ni Kai",
      "views": 33227,
      "revenue": 14858
    },
    {
      "date": "2025-09-24",
      "title": "Nanatsu no Taizai: Funnu no Shinpan",
      "views": 12117,
      "revenue": 11179
    },
    {
      "date": "2025-09-24",
      "title": "Kore wa Zombie desu ka? of the Dead",
      "views": 12606,
      "revenue": 3861
    },
    {
      "date": "2025-09-24",
      "title": "Vampire Knight Guilty",
      "views": 12707,
      "revenue": 4822
    },
    {
      "date": "2025-09-24",
      "title": "Jigoku Shoujo",
      "views": 13997,
      "revenue": 11445
    },
    {
      "date": "2025-09-24",
      "title": "Shouwa Genroku Rakugo Shinjuu",
      "views": 17923,
      "revenue": 5269
    },
    {
      "date": "2025-09-24",
      "title": "Nurarihyon no Mago",
      "views": 8088,
      "revenue": 6695
    },
    {
      "date": "2025-09-24",
      "title": "Ranma ½",
      "views": 10591,
      "revenue": 18073
    },
    {
      "date": "2025-09-25",
      "title": "Kono Subarashii Sekai ni Shukufuku wo!",
      "views": 110263,
      "revenue": 16273
    },
    {
      "date": "2025-09-25",
      "title": "Kono Subarashii Sekai ni Shukufuku wo! 2",
      "views": 77189,
      "revenue": 11897
    },
    {
      "date": "2025-09-25",
      "title": "Fate/stay night",
      "views": 37049,
      "revenue": 21519
    },
    {
      "date": "2025-09-25",
      "title": "Higurashi no Naku Koro ni",
      "views": 24421,
      "revenue": 17079
    },
    {
      "date": "2025-09-25",
      "title": "Sakamoto desu ga?",
      "views": 23457,
      "revenue": 7301
    },
    {
      "date": "2025-09-25",
      "title": "Nanatsu no Taizai: Kamigami no Gekirin",
      "views": 16771,
      "revenue": 13549
    },
    {
      "date": "2025-09-25",
      "title": "Sankarea",
      "views": 24375,
      "revenue": 7647
    },
    {
      "date": "2025-09-25",
      "title": "Kore wa Zombie desu ka?",
      "views": 18162,
      "revenue": 5745
    },
    {
      "date": "2025-09-25",
      "title": "Log Horizon 2nd Season",
      "views": 25606,
      "revenue": 17459
    },
    {
      "date": "2025-09-25",
      "title": "Vampire Knight",
      "views": 13027,
      "revenue": 6302
    },
    {
      "date": "2025-09-25",
      "title": "Fruits Basket",
      "views": 19423,
      "revenue": 14461
    },
    {
      "date": "2025-09-25",
      "title": "Rurouni Kenshin: Meiji Kenkaku Romantan",
      "views": 32886,
      "revenue": 29775
    },
    {
      "date": "2025-09-25",
      "title": "Higurashi no Naku Koro ni Kai",
      "views": 27743,
      "revenue": 12406
    },
    {
      "date": "2025-09-25",
      "title": "Nanatsu no Taizai: Funnu no Shinpan",
      "views": 12025,
      "revenue": 11094
    },
    {
      "date": "2025-09-25",
      "title": "Kore wa Zombie desu ka? of the Dead",
      "views": 10850,
      "revenue": 3323
    },
    {
      "date": "2025-09-25",
      "title": "Vampire Knight Guilty",
      "views": 13989,
      "revenue": 5308
    },
    {
      "date": "2025-09-25",
      "title": "Jigoku Shoujo",
      "views": 12950,
      "revenue": 10589
    },
    {
      "date": "2025-09-25",
      "title": "Shouwa Genroku Rakugo Shinjuu",
      "views": 19236,
      "revenue": 5655
    },
    {
      "date": "2025-09-25",
      "title": "Nurarihyon no Mago",
      "views": 9192,
      "revenue": 7609
    },
    {
      "date": "2025-09-25",
      "title": "Ranma ½",
      "views": 9690,
      "revenue": 16536
    },
    {
      "date": "2025-09-26",
      "title": "Kono Subarashii Sekai ni Shukufuku wo!",
      "views": 128902,
      "revenue": 19024
    },
    {
      "date": "2025-09-26",
      "title": "Kono Subarashii Sekai ni Shukufuku wo! 2",
      "views": 94703,
      "revenue": 14596
    },
    {
      "date": "2025-09-26",
      "title": "Fate/stay night",
      "views": 32105,
      "revenue": 18648
    },
    {
      "date": "2025-09-26",
      "title": "Higurashi no Naku Koro ni",
      "views": 23100,
      "revenue": 16155
    },
    {
      "date": "2025-09-26",
      "title": "Sakamoto desu ga?",
      "views": 23985,
      "revenue": 7465
    },
    {
      "date": "2025-09-26",
      "title": "Nanatsu no Taizai: Kamigami no Gekirin",
      "views": 20610,
      "revenue": 16651
    },
    {
      "date": "2025-09-26",
      "title": "Sankarea",
      "views": 23669,
      "revenue": 7425
    },
    {
      "date": "2025-09-26",
      "title": "Kore wa Zombie desu ka?",
      "views": 18962,
      "revenue": 5999
    },
    {
      "date": "2025-09-26",
      "title": "Log Horizon 2nd Season",
      "views": 20868,
      "revenue": 14228
    },
    {
      "date": "2025-09-26",
      "title": "Vampire Knight",
      "views": 16024,
      "revenue": 7751
    },
    {
      "date": "2025-09-26",
      "title": "Fruits Basket",
      "views": 18006,
      "revenue": 13406
    },
    {
      "date": "2025-09-26",
      "title": "Rurouni Kenshin: Meiji Kenkaku Romantan",
      "views": 28254,
      "revenue": 25581
    },
    {
      "date": "2025-09-26",
      "title": "Higurashi no Naku Koro ni Kai",
      "views": 28481,
      "revenue": 12736
    },
    {
      "date": "2025-09-26",
      "title": "Nanatsu no Taizai: Funnu no Shinpan",
      "views": 9904,
      "revenue": 9138
    },
    {
      "date": "2025-09-26",
      "title": "Kore wa Zombie desu ka? of the Dead",
      "views": 13600,
      "revenue": 4166
    },
    {
      "date": "2025-09-26",
      "title": "Vampire Knight Guilty",
      "views": 10570,
      "revenue": 4011
    },
    {
      "date": "2025-09-26",
      "title": "Jigoku Shoujo",
      "views": 13857,
      "revenue": 11330
    },
    {
      "date": "2025-09-26",
      "title": "Shouwa Genroku Rakugo Shinjuu",
      "views": 14118,
      "revenue": 4151
    },
    {
      "date": "2025-09-26",
      "title": "Nurarihyon no Mago",
      "views": 8696,
      "revenue": 7199
    },
    {
      "date": "2025-09-26",
      "title": "Ranma ½",
      "views": 8879,
      "revenue": 15152
    },
    {
      "date": "2025-09-27",
      "title": "Kono Subarashii Sekai ni Shukufuku wo!",
      "views": 108051,
      "revenue": 15946
    },
    {
      "date": "2025-09-27",
      "title": "Kono Subarashii Sekai ni Shukufuku wo! 2",
      "views": 74741,
      "revenue": 11520
    },
    {
      "date": "2025-09-27",
      "title": "Fate/stay night",
      "views": 33564,
      "revenue": 19495
    },
    {
      "date": "2025-09-27",
      "title": "Higurashi no Naku Koro ni",
      "views": 33789,
      "revenue": 23631
    },
    {
      "date": "2025-09-27",
      "title": "Sakamoto desu ga?",
      "views": 26574,
      "revenue": 8271
    },
    {
      "date": "2025-09-27",
      "title": "Nanatsu no Taizai: Kamigami no Gekirin",
      "views": 15714,
      "revenue": 12696
    },
    {
      "date": "2025-09-27",
      "title": "Sankarea",
      "views": 21743,
      "revenue": 6821
    },
    {
      "date": "2025-09-27",
      "title": "Kore wa Zombie desu ka?",
      "views": 23284,
      "revenue": 7366
    },
    {
      "date": "2025-09-27",
      "title": "Log Horizon 2nd Season",
      "views": 20279,
      "revenue": 13827
    },
    {
      "date": "2025-09-27",
      "title": "Vampire Knight",
      "views": 12028,
      "revenue": 5819
    },
    {
      "date": "2025-09-27",
      "title": "Fruits Basket",
      "views": 15965,
      "revenue": 11886
    },
    {
      "date": "2025-09-27",
      "title": "Rurouni Kenshin: Meiji Kenkaku Romantan",
      "views": 24462,
      "revenue": 22148
    },
    {
      "date": "2025-09-27",
      "title": "Higurashi no Naku Koro ni Kai",
      "views": 34166,
      "revenue": 15278
    },
    {
      "date": "2025-09-27",
      "title": "Nanatsu no Taizai: Funnu no Shinpan",
      "views": 10552,
      "revenue": 9735
    },
    {
      "date": "2025-09-27",
      "title": "Kore wa Zombie desu ka? of the Dead",
      "views": 10905,
      "revenue": 3340
    },
    {
      "date": "2025-09-27",
      "title": "Vampire Knight Guilty",
      "views": 11063,
      "revenue": 4198
    },
    {
      "date": "2025-09-27",
      "title": "Jigoku Shoujo",
      "views": 13784,
      "revenue": 11271
    },
    {
      "date": "2025-09-27",
      "title": "Shouwa Genroku Rakugo Shinjuu",
      "views": 15850,
      "revenue": 4660
    },
    {
      "date": "2025-09-27",
      "title": "Nurarihyon no Mago",
      "views": 10337,
      "revenue": 8557
    },
    {
      "date": "2025-09-27",
      "title": "Ranma ½",
      "views": 9513,
      "revenue": 16233
    },
    {
      "date": "2025-09-28",
      "title": "Kono Subarashii Sekai ni Shukufuku wo!",
      "views": 103776,
      "revenue": 15315
    },
    {
      "date": "2025-09-28",
      "title": "Kono Subarashii Sekai ni Shukufuku wo! 2",
      "views": 78404,
      "revenue": 12084
    },
    {
      "date": "2025-09-28",
      "title": "Fate/stay night",
      "views": 35724,
      "revenue": 20750
    },
    {
      "date": "2025-09-28",
      "title": "Higurashi no Naku Koro ni",
      "views": 22704,
      "revenue": 15878
    },
    {
      "date": "2025-09-28",
      "title": "Sakamoto desu ga?",
      "views": 22987,
      "revenue": 7155
    },
    {
      "date": "2025-09-28",
      "title": "Nanatsu no Taizai: Kamigami no Gekirin",
      "views": 20546,
      "revenue": 16600
    },
    {
      "date": "2025-09-28",
      "title": "Sankarea",
      "views": 23010,
      "revenue": 7219
    },
    {
      "date": "2025-09-28",
      "title": "Kore wa Zombie desu ka?",
      "views": 19772,
      "revenue": 6255
    },
    {
      "date": "2025-09-28",
      "title": "Log Horizon 2nd Season",
      "views": 19170,
      "revenue": 13071
    },
    {
      "date": "2025-09-28",
      "title": "Vampire Knight",
      "views": 12704,
      "revenue": 6145
    },
    {
      "date": "2025-09-28",
      "title": "Fruits Basket",
      "views": 19039,
      "revenue": 14175
    },
    {
      "date": "2025-09-28",
      "title": "Rurouni Kenshin: Meiji Kenkaku Romantan",
      "views": 27448,
      "revenue": 24851
    },
    {
      "date": "2025-09-28",
      "title": "Higurashi no Naku Koro ni Kai",
      "views": 28548,
      "revenue": 12766
    },
    {
      "date": "2025-09-28",
      "title": "Nanatsu no Taizai: Funnu no Shinpan",
      "views": 11633,
      "revenue": 10732
    },
    {
      "date": "2025-09-28",
      "title": "Kore wa Zombie desu ka? of the Dead",
      "views": 11200,
      "revenue": 3431
    },
    {
      "date": "2025-09-28",
      "title": "Vampire Knight Guilty",
      "views": 11113,
      "revenue": 4217
    },
    {
      "date": "2025-09-28",
      "title": "Jigoku Shoujo",
      "views": 10956,
      "revenue": 8958
    },
    {
      "date": "2025-09-28",
      "title": "Shouwa Genroku Rakugo Shinjuu",
      "views": 16878,
      "revenue": 4962
    },
    {
      "date": "2025-09-28",
      "title": "Nurarihyon no Mago",
      "views": 7891,
      "revenue": 6533
    },
    {
      "date": "2025-09-28",
      "title": "Ranma ½",
      "views": 10698,
      "revenue": 18256
    },
    {
      "date": "2025-09-29",
      "title": "Kono Subarashii Sekai ni Shukufuku wo!",
      "views": 130923,
      "revenue": 19322
    },
    {
      "date": "2025-09-29",
      "title": "Kono Subarashii Sekai ni Shukufuku wo! 2",
      "views": 96365,
      "revenue": 14853
    },
    {
      "date": "2025-09-29",
      "title": "Fate/stay night",
      "views": 28570,
      "revenue": 16594
    },
    {
      "date": "2025-09-29",
      "title": "Higurashi no Naku Koro ni",
      "views": 32286,
      "revenue": 22580
    },
    {
      "date": "2025-09-29",
      "title": "Sakamoto desu ga?",
      "views": 24585,
      "revenue": 7652
    },
    {
      "date": "2025-09-29",
      "title": "Nanatsu no Taizai: Kamigami no Gekirin",
      "views": 20467,
      "revenue": 16536
    },
    {
      "date": "2025-09-29",
      "title": "Sankarea",
      "views": 21374,
      "revenue": 6705
    },
    {
      "date": "2025-09-29",
      "title": "Kore wa Zombie desu ka?",
      "views": 20616,
      "revenue": 6522
    },
    {
      "date": "2025-09-29",
      "title": "Log Horizon 2nd Season",
      "views": 23887,
      "revenue": 16287
    },
    {
      "date": "2025-09-29",
      "title": "Vampire Knight",
      "views": 14893,
      "revenue": 7205
    },
    {
      "date": "2025-09-29",
      "title": "Fruits Basket",
      "views": 16461,
      "revenue": 12255
    },
    {
      "date": "2025-09-29",
      "title": "Rurouni Kenshin: Meiji Kenkaku Romantan",
      "views": 29653,
      "revenue": 26848
    },
    {
      "date": "2025-09-29",
      "title": "Higurashi no Naku Koro ni Kai",
      "views": 29824,
      "revenue": 13337
    },
    {
      "date": "2025-09-29",
      "title": "Nanatsu no Taizai: Funnu no Shinpan",
      "views": 10317,
      "revenue": 9518
    },
    {
      "date": "2025-09-29",
      "title": "Kore wa Zombie desu ka? of the Dead",
      "views": 11515,
      "revenue": 3527
    },
    {
      "date": "2025-09-29",
      "title": "Vampire Knight Guilty",
      "views": 13404,
      "revenue": 5086
    },
    {
      "date": "2025-09-29",
      "title": "Jigoku Shoujo",
      "views": 11014,
      "revenue": 9006
    },
    {
      "date": "2025-09-29",
      "title": "Shouwa Genroku Rakugo Shinjuu",
      "views": 20144,
      "revenue": 5922
    },
    {
      "date": "2025-09-29",
      "title": "Nurarihyon no Mago",
      "views": 11085,
      "revenue": 9176
    },
    {
      "date": "2025-09-29",
      "title": "Ranma ½",
      "views": 7549,
      "revenue": 12882
    },
    {
      "date": "2025-09-30",
      "title": "Kono Subarashii Sekai ni Shukufuku wo!",
      "views": 117854,
      "revenue": 17393
    },
    {
      "date": "2025-09-30",
      "title": "Kono Subarashii Sekai ni Shukufuku wo! 2",
      "views": 94756,
      "revenue": 14605
    },
    {
      "date": "2025-09-30",
      "title": "Fate/stay night",
      "views": 28845,
      "revenue": 16754
    },
    {
      "date": "2025-09-30",
      "title": "Higurashi no Naku Koro ni",
      "views": 29254,
      "revenue": 20459
    },
    {
      "date": "2025-09-30",
      "title": "Sakamoto desu ga?",
      "views": 29505,
      "revenue": 9183
    },
    {
      "date": "2025-09-30",
      "title": "Nanatsu no Taizai: Kamigami no Gekirin",
      "views": 15341,
      "revenue": 12394
    },
    {
      "date": "2025-09-30",
      "title": "Sankarea",
      "views": 18384,
      "revenue": 5767
    },
    {
      "date": "2025-09-30",
      "title": "Kore wa Zombie desu ka?",
      "views": 23567,
      "revenue": 7455
    },
    {
      "date": "2025-09-30",
      "title": "Log Horizon 2nd Season",
      "views": 23842,
      "revenue": 16256
    },
    {
      "date": "2025-09-30",
      "title": "Vampire Knight",
      "views": 16566,
      "revenue": 8014
    },
    {
      "date": "2025-09-30",
      "title": "Fruits Basket",
      "views": 15928,
      "revenue": 11859
    },
    {
      "date": "2025-09-30",
      "title": "Rurouni Kenshin: Meiji Kenkaku Romantan",
      "views": 29040,
      "revenue": 26292
    },
    {
      "date": "2025-09-30",
      "title": "Higurashi no Naku Koro ni Kai",
      "views": 31254,
      "revenue": 13976
    },
    {
      "date": "2025-09-30",
      "title": "Nanatsu no Taizai: Funnu no Shinpan",
      "views": 12465,
      "revenue": 11500
    },
    {
      "date": "2025-09-30",
      "title": "Kore wa Zombie desu ka? of the Dead",
      "views": 10496,
      "revenue": 3215
    },
    {
      "date": "2025-09-30",
      "title": "Vampire Knight Guilty",
      "views": 13413,
      "revenue": 5090
    },
    {
      "date": "2025-09-30",
      "title": "Jigoku Shoujo",
      "views": 14377,
      "revenue": 11756
    },
    {
      "date": "2025-09-30",
      "title": "Shouwa Genroku Rakugo Shinjuu",
      "views": 18581,
      "revenue": 5463
    },
    {
      "date": "2025-09-30",
      "title": "Nurarihyon no Mago",
      "views": 8832,
      "revenue": 7311
    },
    {
      "date": "2025-09-30",
      "title": "Ranma ½",
      "views": 9464,
      "revenue": 16150
    },
    {
      "date": "2025-10-01",
      "title": "Kono Subarashii Sekai ni Shukufuku wo!",
      "views": 103170,
      "revenue": 15226
    },
    {
      "date": "2025-10-01",
      "title": "Kono Subarashii Sekai ni Shukufuku wo! 2",
      "views": 85522,
      "revenue": 13181
    },
    {
      "date": "2025-10-01",
      "title": "Fate/stay night",
      "views": 38794,
      "revenue": 22533
    },
    {
      "date": "2025-10-01",
      "title": "Higurashi no Naku Koro ni",
      "views": 29515,
      "revenue": 20642
    },
    {
      "date": "2025-10-01",
      "title": "Sakamoto desu ga?",
      "views": 32006,
      "revenue": 9961
    },
    {
      "date": "2025-10-01",
      "title": "Nanatsu no Taizai: Kamigami no Gekirin",
      "views": 16099,
      "revenue": 13007
    },
    {
      "date": "2025-10-01",
      "title": "Sankarea",
      "views": 25887,
      "revenue": 8121
    },
    {
      "date": "2025-10-01",
      "title": "Kore wa Zombie desu ka?",
      "views": 20106,
      "revenue": 6361
    },
    {
      "date": "2025-10-01",
      "title": "Log Horizon 2nd Season",
      "views": 21676,
      "revenue": 14780
    },
    {
      "date": "2025-10-01",
      "title": "Vampire Knight",
      "views": 14616,
      "revenue": 7070
    },
    {
      "date": "2025-10-01",
      "title": "Fruits Basket",
      "views": 19750,
      "revenue": 14705
    },
    {
      "date": "2025-10-01",
      "title": "Rurouni Kenshin: Meiji Kenkaku Romantan",
      "views": 27106,
      "revenue": 24542
    },
    {
      "date": "2025-10-01",
      "title": "Higurashi no Naku Koro ni Kai",
      "views": 28541,
      "revenue": 12763
    },
    {
      "date": "2025-10-01",
      "title": "Nanatsu no Taizai: Funnu no Shinpan",
      "views": 9996,
      "revenue": 9222
    },
    {
      "date": "2025-10-01",
      "title": "Kore wa Zombie desu ka? of the Dead",
      "views": 10515,
      "revenue": 3221
    },
    {
      "date": "2025-10-01",
      "title": "Vampire Knight Guilty",
      "views": 15128,
      "revenue": 5740
    },
    {
      "date": "2025-10-01",
      "title": "Jigoku Shoujo",
      "views": 10855,
      "revenue": 8876
    },
    {
      "date": "2025-10-01",
      "title": "Shouwa Genroku Rakugo Shinjuu",
      "views": 16736,
      "revenue": 4920
    },
    {
      "date": "2025-10-01",
      "title": "Nurarihyon no Mago",
      "views": 8232,
      "revenue": 6815
    },
    {
      "date": "2025-10-01",
      "title": "Ranma ½",
      "views": 7897,
      "revenue": 13477
    },
    {
      "date": "2025-10-02",
      "title": "Kono Subarashii Sekai ni Shukufuku wo!",
      "views": 127455,
      "revenue": 18810
    },
    {
      "date": "2025-10-02",
      "title": "Kono Subarashii Sekai ni Shukufuku wo! 2",
      "views": 92117,
      "revenue": 14198
    },
    {
      "date": "2025-10-02",
      "title": "Fate/stay night",
      "views": 29739,
      "revenue": 17273
    },
    {
      "date": "2025-10-02",
      "title": "Higurashi no Naku Koro ni",
      "views": 30971,
      "revenue": 21660
    },
    {
      "date": "2025-10-02",
      "title": "Sakamoto desu ga?",
      "views": 28915,
      "revenue": 9000
    },
    {
      "date": "2025-10-02",
      "title": "Nanatsu no Taizai: Kamigami no Gekirin",
      "views": 20270,
      "revenue": 16377
    },
    {
      "date": "2025-10-02",
      "title": "Sankarea",
      "views": 18740,
      "revenue": 5879
    },
    {
      "date": "2025-10-02",
      "title": "Kore wa Zombie desu ka?",
      "views": 23395,
      "revenue": 7401
    },
    {
      "date": "2025-10-02",
      "title": "Log Horizon 2nd Season",
      "views": 18878,
      "revenue": 12872
    },
    {
      "date": "2025-10-02",
      "title": "Vampire Knight",
      "views": 14794,
      "revenue": 7156
    },
    {
      "date": "2025-10-02",
      "title": "Fruits Basket",
      "views": 17929,
      "revenue": 13348
    },
    {
      "date": "2025-10-02",
      "title": "Rurouni Kenshin: Meiji Kenkaku Romantan",
      "views": 26220,
      "revenue": 23739
    },
    {
      "date": "2025-10-02",
      "title": "Higurashi no Naku Koro ni Kai",
      "views": 25854,
      "revenue": 11561
    },
    {
      "date": "2025-10-02",
      "title": "Nanatsu no Taizai: Funnu no Shinpan",
      "views": 11533,
      "revenue": 10640
    },
    {
      "date": "2025-10-02",
      "title": "Kore wa Zombie desu ka? of the Dead",
      "views": 11050,
      "revenue": 3385
    },
    {
      "date": "2025-10-02",
      "title": "Vampire Knight Guilty",
      "views": 12988,
      "revenue": 4928
    },
    {
      "date": "2025-10-02",
      "title": "Jigoku Shoujo",
      "views": 11754,
      "revenue": 9611
    },
    {
      "date": "2025-10-02",
      "title": "Shouwa Genroku Rakugo Shinjuu",
      "views": 15580,
      "revenue": 4581
    },
    {
      "date": "2025-10-02",
      "title": "Nurarihyon no Mago",
      "views": 10702,
      "revenue": 8859
    },
    {
      "date": "2025-10-02",
      "title": "Ranma ½",
      "views": 8771,
      "revenue": 14967
    },
    {
      "date": "2025-10-03",
      "title": "Kono Subarashii Sekai ni Shukufuku wo!",
      "views": 112927,
      "revenue": 16666
    },
    {
      "date": "2025-10-03",
      "title": "Kono Subarashii Sekai ni Shukufuku wo! 2",
      "views": 103086,
      "revenue": 15889
    },
    {
      "date": "2025-10-03",
      "title": "Fate/stay night",
      "views": 32165,
      "revenue": 18682
    },
    {
      "date": "2025-10-03",
      "title": "Higurashi no Naku Koro ni",
      "views": 31712,
      "revenue": 22178
    },
    {
      "date": "2025-10-03",
      "title": "Sakamoto desu ga?",
      "views": 25243,
      "revenue": 7857
    },
    {
      "date": "2025-10-03",
      "title": "Nanatsu no Taizai: Kamigami no Gekirin",
      "views": 15683,
      "revenue": 12670
    },
    {
      "date": "2025-10-03",
      "title": "Sankarea",
      "views": 17519,
      "revenue": 5496
    },
    {
      "date": "2025-10-03",
      "title": "Kore wa Zombie desu ka?",
      "views": 25501,
      "revenue": 8067
    },
    {
      "date": "2025-10-03",
      "title": "Log Horizon 2nd Season",
      "views": 20617,
      "revenue": 14057
    },
    {
      "date": "2025-10-03",
      "title": "Vampire Knight",
      "views": 16732,
      "revenue": 8094
    },
    {
      "date": "2025-10-03",
      "title": "Fruits Basket",
      "views": 17394,
      "revenue": 12951
    },
    {
      "date": "2025-10-03",
      "title": "Rurouni Kenshin: Meiji Kenkaku Romantan",
      "views": 25233,
      "revenue": 22846
    },
    {
      "date": "2025-10-03",
      "title": "Higurashi no Naku Koro ni Kai",
      "views": 26235,
      "revenue": 11732
    },
    {
      "date": "2025-10-03",
      "title": "Nanatsu no Taizai: Funnu no Shinpan",
      "views": 11547,
      "revenue": 10653
    },
    {
      "date": "2025-10-03",
      "title": "Kore wa Zombie desu ka? of the Dead",
      "views": 12584,
      "revenue": 3855
    },
    {
      "date": "2025-10-03",
      "title": "Vampire Knight Guilty",
      "views": 11923,
      "revenue": 4524
    },
    {
      "date": "2025-10-03",
      "title": "Jigoku Shoujo",
      "views": 14110,
      "revenue": 11537
    },
    {
      "date": "2025-10-03",
      "title": "Shouwa Genroku Rakugo Shinjuu",
      "views": 14995,
      "revenue": 4408
    },
    {
      "date": "2025-10-03",
      "title": "Nurarihyon no Mago",
      "views": 9652,
      "revenue": 7990
    },
    {
      "date": "2025-10-03",
      "title": "Ranma ½",
      "views": 7873,
      "revenue": 13435
    },
    {
      "date": "2025-10-04",
      "title": "Kono Subarashii Sekai ni Shukufuku wo!",
      "views": 121773,
      "revenue": 17971
    },
    {
      "date": "2025-10-04",
      "title": "Kono Subarashii Sekai ni Shukufuku wo! 2",
      "views": 88579,
      "revenue": 13653
    },
    {
      "date": "2025-10-04",
      "title": "Fate/stay night",
      "views": 29575,
      "revenue": 17178
    },
    {
      "date": "2025-10-04",
      "title": "Higurashi no Naku Koro ni",
      "views": 26946,
      "revenue": 18845
    },
    {
      "date": "2025-10-04",
      "title": "Sakamoto desu ga?",
      "views": 22615,
      "revenue": 7039
    },
    {
      "date": "2025-10-04",
      "title": "Nanatsu no Taizai: Kamigami no Gekirin",
      "views": 20055,
      "revenue": 16203
    },
    {
      "date": "2025-10-04",
      "title": "Sankarea",
      "views": 18838,
      "revenue": 5910
    },
    {
      "date": "2025-10-04",
      "title": "Kore wa Zombie desu ka?",
      "views": 24637,
      "revenue": 7794
    },
    {
      "date": "2025-10-04",
      "title": "Log Horizon 2nd Season",
      "views": 19335,
      "revenue": 13183
    },
    {
      "date": "2025-10-04",
      "title": "Vampire Knight",
      "views": 12246,
      "revenue": 5924
    },
    {
      "date": "2025-10-04",
      "title": "Fruits Basket",
      "views": 18663,
      "revenue": 13895
    },
    {
      "date": "2025-10-04",
      "title": "Rurouni Kenshin: Meiji Kenkaku Romantan",
      "views": 33234,
      "revenue": 30090
    },
    {
      "date": "2025-10-04",
      "title": "Higurashi no Naku Koro ni Kai",
      "views": 31393,
      "revenue": 14038
    },
    {
      "date": "2025-10-04",
      "title": "Nanatsu no Taizai: Funnu no Shinpan",
      "views": 12407,
      "revenue": 11447
    },
    {
      "date": "2025-10-04",
      "title": "Kore wa Zombie desu ka? of the Dead",
      "views": 12438,
      "revenue": 3810
    },
    {
      "date": "2025-10-04",
      "title": "Vampire Knight Guilty",
      "views": 10435,
      "revenue": 3960
    },
    {
      "date": "2025-10-04",
      "title": "Jigoku Shoujo",
      "views": 14023,
      "revenue": 11466
    },
    {
      "date": "2025-10-04",
      "title": "Shouwa Genroku Rakugo Shinjuu",
      "views": 16602,
      "revenue": 4881
    },
    {
      "date": "2025-10-04",
      "title": "Nurarihyon no Mago",
      "views": 11081,
      "revenue": 9173
    },
    {
      "date": "2025-10-04",
      "title": "Ranma ½",
      "views": 9039,
      "revenue": 15424
    },
    {
      "date": "2025-10-05",
      "title": "Kono Subarashii Sekai ni Shukufuku wo!",
      "views": 120837,
      "revenue": 17833
    },
    {
      "date": "2025-10-05",
      "title": "Kono Subarashii Sekai ni Shukufuku wo! 2",
      "views": 88784,
      "revenue": 13684
    },
    {
      "date": "2025-10-05",
      "title": "Fate/stay night",
      "views": 35332,
      "revenue": 20522
    },
    {
      "date": "2025-10-05",
      "title": "Higurashi no Naku Koro ni",
      "views": 23717,
      "revenue": 16587
    },
    {
      "date": "2025-10-05",
      "title": "Sakamoto desu ga?",
      "views": 28004,
      "revenue": 8716
    },
    {
      "date": "2025-10-05",
      "title": "Nanatsu no Taizai: Kamigami no Gekirin",
      "views": 15825,
      "revenue": 12785
    },
    {
      "date": "2025-10-05",
      "title": "Sankarea",
      "views": 18282,
      "revenue": 5735
    },
    {
      "date": "2025-10-05",
      "title": "Kore wa Zombie desu ka?",
      "views": 25552,
      "revenue": 8084
    },
    {
      "date": "2025-10-05",
      "title": "Log Horizon 2nd Season",
      "views": 23048,
      "revenue": 15715
    },
    {
      "date": "2025-10-05",
      "title": "Vampire Knight",
      "views": 13461,
      "revenue": 6512
    },
    {
      "date": "2025-10-05",
      "title": "Fruits Basket",
      "views": 19584,
      "revenue": 14581
    },
    {
      "date": "2025-10-05",
      "title": "Rurouni Kenshin: Meiji Kenkaku Romantan",
      "views": 34514,
      "revenue": 31248
    },
    {
      "date": "2025-10-05",
      "title": "Higurashi no Naku Koro ni Kai",
      "views": 31991,
      "revenue": 14306
    },
    {
      "date": "2025-10-05",
      "title": "Nanatsu no Taizai: Funnu no Shinpan",
      "views": 8869,
      "revenue": 8182
    },
    {
      "date": "2025-10-05",
      "title": "Kore wa Zombie desu ka? of the Dead",
      "views": 14849,
      "revenue": 4548
    },
    {
      "date": "2025-10-05",
      "title": "Vampire Knight Guilty",
      "views": 13347,
      "revenue": 5064
    },
    {
      "date": "2025-10-05",
      "title": "Jigoku Shoujo",
      "views": 10307,
      "revenue": 8428
    },
    {
      "date": "2025-10-05",
      "title": "Shouwa Genroku Rakugo Shinjuu",
      "views": 16747,
      "revenue": 4923
    },
    {
      "date": "2025-10-05",
      "title": "Nurarihyon no Mago",
      "views": 10339,
      "revenue": 8558
    },
    {
      "date": "2025-10-05",
      "title": "Ranma ½",
      "views": 8834,
      "revenue": 15075
    },
    {
      "date": "2025-10-06",
      "title": "Kono Subarashii Sekai ni Shukufuku wo!",
      "views": 125406,
      "revenue": 18508
    },
    {
      "date": "2025-10-06",
      "title": "Kono Subarashii Sekai ni Shukufuku wo! 2",
      "views": 85372,
      "revenue": 13158
    },
    {
      "date": "2025-10-06",
      "title": "Fate/stay night",
      "views": 30227,
      "revenue": 17557
    },
    {
      "date": "2025-10-06",
      "title": "Higurashi no Naku Koro ni",
      "views": 31507,
      "revenue": 22035
    },
    {
      "date": "2025-10-06",
      "title": "Sakamoto desu ga?",
      "views": 25427,
      "revenue": 7914
    },
    {
      "date": "2025-10-06",
      "title": "Nanatsu no Taizai: Kamigami no Gekirin",
      "views": 17503,
      "revenue": 14141
    },
    {
      "date": "2025-10-06",
      "title": "Sankarea",
      "views": 17529,
      "revenue": 5499
    },
    {
      "date": "2025-10-06",
      "title": "Kore wa Zombie desu ka?",
      "views": 25788,
      "revenue": 8158
    },
    {
      "date": "2025-10-06",
      "title": "Log Horizon 2nd Season",
      "views": 21292,
      "revenue": 14518
    },
    {
      "date": "2025-10-06",
      "title": "Vampire Knight",
      "views": 13960,
      "revenue": 6753
    },
    {
      "date": "2025-10-06",
      "title": "Fruits Basket",
      "views": 17487,
      "revenue": 13020
    },
    {
      "date": "2025-10-06",
      "title": "Rurouni Kenshin: Meiji Kenkaku Romantan",
      "views": 26970,
      "revenue": 24418
    },
    {
      "date": "2025-10-06",
      "title": "Higurashi no Naku Koro ni Kai",
      "views": 25473,
      "revenue": 11391
    },
    {
      "date": "2025-10-06",
      "title": "Nanatsu no Taizai: Funnu no Shinpan",
      "views": 12410,
      "revenue": 11449
    },
    {
      "date": "2025-10-06",
      "title": "Kore wa Zombie desu ka? of the Dead",
      "views": 10733,
      "revenue": 3288
    },
    {
      "date": "2025-10-06",
      "title": "Vampire Knight Guilty",
      "views": 14667,
      "revenue": 5565
    },
    {
      "date": "2025-10-06",
      "title": "Jigoku Shoujo",
      "views": 12756,
      "revenue": 10430
    },
    {
      "date": "2025-10-06",
      "title": "Shouwa Genroku Rakugo Shinjuu",
      "views": 17303,
      "revenue": 5087
    },
    {
      "date": "2025-10-06",
      "title": "Nurarihyon no Mago",
      "views": 10044,
      "revenue": 8315
    },
    {
      "date": "2025-10-06",
      "title": "Ranma ½",
      "views": 8079,
      "revenue": 13788
    },
    {
      "date": "2025-10-07",
      "title": "Kono Subarashii Sekai ni Shukufuku wo!",
      "views": 109520,
      "revenue": 16163
    },
    {
      "date": "2025-10-07",
      "title": "Kono Subarashii Sekai ni Shukufuku wo! 2",
      "views": 96680,
      "revenue": 14901
    },
    {
      "date": "2025-10-07",
      "title": "Fate/stay night",
      "views": 32780,
      "revenue": 19039
    },
    {
      "date": "2025-10-07",
      "title": "Higurashi no Naku Koro ni",
      "views": 31396,
      "revenue": 21957
    },
    {
      "date": "2025-10-07",
      "title": "Sakamoto desu ga?",
      "views": 23058,
      "revenue": 7177
    },
    {
      "date": "2025-10-07",
      "title": "Nanatsu no Taizai: Kamigami no Gekirin",
      "views": 19547,
      "revenue": 15793
    },
    {
      "date": "2025-10-07",
      "title": "Sankarea",
      "views": 18446,
      "revenue": 5787
    },
    {
      "date": "2025-10-07",
      "title": "Kore wa Zombie desu ka?",
      "views": 22911,
      "revenue": 7248
    },
    {
      "date": "2025-10-07",
      "title": "Log Horizon 2nd Season",
      "views": 22288,
      "revenue": 15197
    },
    {
      "date": "2025-10-07",
      "title": "Vampire Knight",
      "views": 11275,
      "revenue": 5454
    },
    {
      "date": "2025-10-07",
      "title": "Fruits Basket",
      "views": 21299,
      "revenue": 15858
    },
    {
      "date": "2025-10-07",
      "title": "Rurouni Kenshin: Meiji Kenkaku Romantan",
      "views": 24513,
      "revenue": 22193
    },
    {
      "date": "2025-10-07",
      "title": "Higurashi no Naku Koro ni Kai",
      "views": 23364,
      "revenue": 10448
    },
    {
      "date": "2025-10-07",
      "title": "Nanatsu no Taizai: Funnu no Shinpan",
      "views": 8551,
      "revenue": 7889
    },
    {
      "date": "2025-10-07",
      "title": "Kore wa Zombie desu ka? of the Dead",
      "views": 13022,
      "revenue": 3989
    },
    {
      "date": "2025-10-07",
      "title": "Vampire Knight Guilty",
      "views": 12372,
      "revenue": 4694
    },
    {
      "date": "2025-10-07",
      "title": "Jigoku Shoujo",
      "views": 14745,
      "revenue": 12056
    },
    {
      "date": "2025-10-07",
      "title": "Shouwa Genroku Rakugo Shinjuu",
      "views": 14358,
      "revenue": 4221
    },
    {
      "date": "2025-10-07",
      "title": "Nurarihyon no Mago",
      "views": 8268,
      "revenue": 6845
    },
    {
      "date": "2025-10-07",
      "title": "Ranma ½",
      "views": 7546,
      "revenue": 12877
    },
    {
      "date": "2025-10-08",
      "title": "Kono Subarashii Sekai ni Shukufuku wo!",
      "views": 100390,
      "revenue": 14816
    },
    {
      "date": "2025-10-08",
      "title": "Kono Subarashii Sekai ni Shukufuku wo! 2",
      "views": 85891,
      "revenue": 13238
    },
    {
      "date": "2025-10-08",
      "title": "Fate/stay night",
      "views": 35297,
      "revenue": 20502
    },
    {
      "date": "2025-10-08",
      "title": "Higurashi no Naku Koro ni",
      "views": 27172,
      "revenue": 19003
    },
    {
      "date": "2025-10-08",
      "title": "Sakamoto desu ga?",
      "views": 31477,
      "revenue": 9797
    },
    {
      "date": "2025-10-08",
      "title": "Nanatsu no Taizai: Kamigami no Gekirin",
      "views": 15622,
      "revenue": 12621
    },
    {
      "date": "2025-10-08",
      "title": "Sankarea",
      "views": 24542,
      "revenue": 7699
    },
    {
      "date": "2025-10-08",
      "title": "Kore wa Zombie desu ka?",
      "views": 21050,
      "revenue": 6659
    },
    {
      "date": "2025-10-08",
      "title": "Log Horizon 2nd Season",
      "views": 20302,
      "revenue": 13842
    },
    {
      "date": "2025-10-08",
      "title": "Vampire Knight",
      "views": 13140,
      "revenue": 6356
    },
    {
      "date": "2025-10-08",
      "title": "Fruits Basket",
      "views": 21273,
      "revenue": 15838
    },
    {
      "date": "2025-10-08",
      "title": "Rurouni Kenshin: Meiji Kenkaku Romantan",
      "views": 25253,
      "revenue": 22864
    },
    {
      "date": "2025-10-08",
      "title": "Higurashi no Naku Koro ni Kai",
      "views": 23570,
      "revenue": 10540
    },
    {
      "date": "2025-10-08",
      "title": "Nanatsu no Taizai: Funnu no Shinpan",
      "views": 9851,
      "revenue": 9088
    },
    {
      "date": "2025-10-08",
      "title": "Kore wa Zombie desu ka? of the Dead",
      "views": 14738,
      "revenue": 4514
    },
    {
      "date": "2025-10-08",
      "title": "Vampire Knight Guilty",
      "views": 13634,
      "revenue": 5173
    },
    {
      "date": "2025-10-08",
      "title": "Jigoku Shoujo",
      "views": 12491,
      "revenue": 10213
    },
    {
      "date": "2025-10-08",
      "title": "Shouwa Genroku Rakugo Shinjuu",
      "views": 17085,
      "revenue": 5023
    },
    {
      "date": "2025-10-08",
      "title": "Nurarihyon no Mago",
      "views": 11146,
      "revenue": 9227
    },
    {
      "date": "2025-10-08",
      "title": "Ranma ½",
      "views": 8103,
      "revenue": 13828
    },
    {
      "date": "2025-10-09",
      "title": "Kono Subarashii Sekai ni Shukufuku wo!",
      "views": 119461,
      "revenue": 17630
    },
    {
      "date": "2025-10-09",
      "title": "Kono Subarashii Sekai ni Shukufuku wo! 2",
      "views": 102858,
      "revenue": 15853
    },
    {
      "date": "2025-10-09",
      "title": "Fate/stay night",
      "views": 38581,
      "revenue": 22409
    },
    {
      "date": "2025-10-09",
      "title": "Higurashi no Naku Koro ni",
      "views": 31611,
      "revenue": 22107
    },
    {
      "date": "2025-10-09",
      "title": "Sakamoto desu ga?",
      "views": 29579,
      "revenue": 9206
    },
    {
      "date": "2025-10-09",
      "title": "Nanatsu no Taizai: Kamigami no Gekirin",
      "views": 20751,
      "revenue": 16765
    },
    {
      "date": "2025-10-09",
      "title": "Sankarea",
      "views": 17396,
      "revenue": 5457
    },
    {
      "date": "2025-10-09",
      "title": "Kore wa Zombie desu ka?",
      "views": 24456,
      "revenue": 7737
    },
    {
      "date": "2025-10-09",
      "title": "Log Horizon 2nd Season",
      "views": 19763,
      "revenue": 13475
    },
    {
      "date": "2025-10-09",
      "title": "Vampire Knight",
      "views": 13759,
      "revenue": 6656
    },
    {
      "date": "2025-10-09",
      "title": "Fruits Basket",
      "views": 22246,
      "revenue": 16563
    },
    {
      "date": "2025-10-09",
      "title": "Rurouni Kenshin: Meiji Kenkaku Romantan",
      "views": 34094,
      "revenue": 30868
    },
    {
      "date": "2025-10-09",
      "title": "Higurashi no Naku Koro ni Kai",
      "views": 32218,
      "revenue": 14407
    },
    {
      "date": "2025-10-09",
      "title": "Nanatsu no Taizai: Funnu no Shinpan",
      "views": 12190,
      "revenue": 11246
    },
    {
      "date": "2025-10-09",
      "title": "Kore wa Zombie desu ka? of the Dead",
      "views": 12961,
      "revenue": 3970
    },
    {
      "date": "2025-10-09",
      "title": "Vampire Knight Guilty",
      "views": 13029,
      "revenue": 4944
    },
    {
      "date": "2025-10-09",
      "title": "Jigoku Shoujo",
      "views": 10709,
      "revenue": 8756
    },
    {
      "date": "2025-10-09",
      "title": "Shouwa Genroku Rakugo Shinjuu",
      "views": 14983,
      "revenue": 4405
    },
    {
      "date": "2025-10-09",
      "title": "Nurarihyon no Mago",
      "views": 8765,
      "revenue": 7256
    },
    {
      "date": "2025-10-09",
      "title": "Ranma ½",
      "views": 9233,
      "revenue": 15756
    },
    {
      "date": "2025-10-10",
      "title": "Kono Subarashii Sekai ni Shukufuku wo!",
      "views": 104184,
      "revenue": 15376
    },
    {
      "date": "2025-10-10",
      "title": "Kono Subarashii Sekai ni Shukufuku wo! 2",
      "views": 81747,
      "revenue": 12600
    },
    {
      "date": "2025-10-10",
      "title": "Fate/stay night",
      "views": 34596,
      "revenue": 20094
    },
    {
      "date": "2025-10-10",
      "title": "Higurashi no Naku Koro ni",
      "views": 23286,
      "revenue": 16285
    },
    {
      "date": "2025-10-10",
      "title": "Sakamoto desu ga?",
      "views": 29195,
      "revenue": 9087
    },
    {
      "date": "2025-10-10",
      "title": "Nanatsu no Taizai: Kamigami no Gekirin",
      "views": 15537,
      "revenue": 12553
    },
    {
      "date": "2025-10-10",
      "title": "Sankarea",
      "views": 19389,
      "revenue": 6083
    },
    {
      "date": "2025-10-10",
      "title": "Kore wa Zombie desu ka?",
      "views": 21214,
      "revenue": 6711
    },
    {
      "date": "2025-10-10",
      "title": "Log Horizon 2nd Season",
      "views": 23531,
      "revenue": 16044
    },
    {
      "date": "2025-10-10",
      "title": "Vampire Knight",
      "views": 11942,
      "revenue": 5777
    },
    {
      "date": "2025-10-10",
      "title": "Fruits Basket",
      "views": 16024,
      "revenue": 11931
    },
    {
      "date": "2025-10-10",
      "title": "Rurouni Kenshin: Meiji Kenkaku Romantan",
      "views": 28501,
      "revenue": 25805
    },
    {
      "date": "2025-10-10",
      "title": "Higurashi no Naku Koro ni Kai",
      "views": 28294,
      "revenue": 12653
    },
    {
      "date": "2025-10-10",
      "title": "Nanatsu no Taizai: Funnu no Shinpan",
      "views": 9319,
      "revenue": 8598
    },
    {
      "date": "2025-10-10",
      "title": "Kore wa Zombie desu ka? of the Dead",
      "views": 15417,
      "revenue": 4722
    },
    {
      "date": "2025-10-10",
      "title": "Vampire Knight Guilty",
      "views": 13986,
      "revenue": 5307
    },
    {
      "date": "2025-10-10",
      "title": "Jigoku Shoujo",
      "views": 13141,
      "revenue": 10745
    },
    {
      "date": "2025-10-10",
      "title": "Shouwa Genroku Rakugo Shinjuu",
      "views": 19957,
      "revenue": 5867
    },
    {
      "date": "2025-10-10",
      "title": "Nurarihyon no Mago",
      "views": 9335,
      "revenue": 7728
    },
    {
      "date": "2025-10-10",
      "title": "Ranma ½",
      "views": 9145,
      "revenue": 15606
    },
    {
      "date": "2025-10-11",
      "title": "Kono Subarashii Sekai ni Shukufuku wo!",
      "views": 103472,
      "revenue": 15270
    },
    {
      "date": "2025-10-11",
      "title": "Kono Subarashii Sekai ni Shukufuku wo! 2",
      "views": 101707,
      "revenue": 15676
    },
    {
      "date": "2025-10-11",
      "title": "Fate/stay night",
      "views": 38192,
      "revenue": 22183
    },
    {
      "date": "2025-10-11",
      "title": "Higurashi no Naku Koro ni",
      "views": 23857,
      "revenue": 16685
    },
    {
      "date": "2025-10-11",
      "title": "Sakamoto desu ga?",
      "views": 23961,
      "revenue": 7458
    },
    {
      "date": "2025-10-11",
      "title": "Nanatsu no Taizai: Kamigami no Gekirin",
      "views": 14798,
      "revenue": 11956
    },
    {
      "date": "2025-10-11",
      "title": "Sankarea",
      "views": 21077,
      "revenue": 6612
    },
    {
      "date": "2025-10-11",
      "title": "Kore wa Zombie desu ka?",
      "views": 21144,
      "revenue": 6689
    },
    {
      "date": "2025-10-11",
      "title": "Log Horizon 2nd Season",
      "views": 18740,
      "revenue": 12777
    },
    {
      "date": "2025-10-11",
      "title": "Vampire Knight",
      "views": 11720,
      "revenue": 5669
    },
    {
      "date": "2025-10-11",
      "title": "Fruits Basket",
      "views": 21330,
      "revenue": 15881
    },
    {
      "date": "2025-10-11",
      "title": "Rurouni Kenshin: Meiji Kenkaku Romantan",
      "views": 30312,
      "revenue": 27444
    },
    {
      "date": "2025-10-11",
      "title": "Higurashi no Naku Koro ni Kai",
      "views": 30194,
      "revenue": 13502
    },
    {
      "date": "2025-10-11",
      "title": "Nanatsu no Taizai: Funnu no Shinpan",
      "views": 9439,
      "revenue": 8709
    },
    {
      "date": "2025-10-11",
      "title": "Kore wa Zombie desu ka? of the Dead",
      "views": 11467,
      "revenue": 3512
    },
    {
      "date": "2025-10-11",
      "title": "Vampire Knight Guilty",
      "views": 13598,
      "revenue": 5160
    },
    {
      "date": "2025-10-11",
      "title": "Jigoku Shoujo",
      "views": 13959,
      "revenue": 11414
    },
    {
      "date": "2025-10-11",
      "title": "Shouwa Genroku Rakugo Shinjuu",
      "views": 18223,
      "revenue": 5357
    },
    {
      "date": "2025-10-11",
      "title": "Nurarihyon no Mago",
      "views": 10707,
      "revenue": 8864
    },
    {
      "date": "2025-10-11",
      "title": "Ranma ½",
      "views": 10277,
      "revenue": 17538
    },
    {
      "date": "2025-10-12",
      "title": "Kono Subarashii Sekai ni Shukufuku wo!",
      "views": 110986,
      "revenue": 16379
    },
    {
      "date": "2025-10-12",
      "title": "Kono Subarashii Sekai ni Shukufuku wo! 2",
      "views": 77066,
      "revenue": 11878
    },
    {
      "date": "2025-10-12",
      "title": "Fate/stay night",
      "views": 34574,
      "revenue": 20081
    },
    {
      "date": "2025-10-12",
      "title": "Higurashi no Naku Koro ni",
      "views": 24621,
      "revenue": 17219
    },
    {
      "date": "2025-10-12",
      "title": "Sakamoto desu ga?",
      "views": 22927,
      "revenue": 7136
    },
    {
      "date": "2025-10-12",
      "title": "Nanatsu no Taizai: Kamigami no Gekirin",
      "views": 16602,
      "revenue": 13413
    },
    {
      "date": "2025-10-12",
      "title": "Sankarea",
      "views": 24243,
      "revenue": 7605
    },
    {
      "date": "2025-10-12",
      "title": "Kore wa Zombie desu ka?",
      "views": 25956,
      "revenue": 8211
    },
    {
      "date": "2025-10-12",
      "title": "Log Horizon 2nd Season",
      "views": 24322,
      "revenue": 16583
    },
    {
      "date": "2025-10-12",
      "title": "Vampire Knight",
      "views": 11882,
      "revenue": 5748
    },
    {
      "date": "2025-10-12",
      "title": "Fruits Basket",
      "views": 15310,
      "revenue": 11399
    },
    {
      "date": "2025-10-12",
      "title": "Rurouni Kenshin: Meiji Kenkaku Romantan",
      "views": 24208,
      "revenue": 21917
    },
    {
      "date": "2025-10-12",
      "title": "Higurashi no Naku Koro ni Kai",
      "views": 26618,
      "revenue": 11903
    },
    {
      "date": "2025-10-12",
      "title": "Nanatsu no Taizai: Funnu no Shinpan",
      "views": 8833,
      "revenue": 8149
    },
    {
      "date": "2025-10-12",
      "title": "Kore wa Zombie desu ka? of the Dead",
      "views": 12761,
      "revenue": 3909
    },
    {
      "date": "2025-10-12",
      "title": "Vampire Knight Guilty",
      "views": 13463,
      "revenue": 5109
    },
    {
      "date": "2025-10-12",
      "title": "Jigoku Shoujo",
      "views": 15053,
      "revenue": 12308
    },
    {
      "date": "2025-10-12",
      "title": "Shouwa Genroku Rakugo Shinjuu",
      "views": 20506,
      "revenue": 6029
    },
    {
      "date": "2025-10-12",
      "title": "Nurarihyon no Mago",
      "views": 7960,
      "revenue": 6589
    },
    {
      "date": "2025-10-12",
      "title": "Ranma ½",
      "views": 10024,
      "revenue": 17105
    },
    {
      "date": "2025-10-13",
      "title": "Kono Subarashii Sekai ni Shukufuku wo!",
      "views": 96172,
      "revenue": 14193
    },
    {
      "date": "2025-10-13",
      "title": "Kono Subarashii Sekai ni Shukufuku wo! 2",
      "views": 102862,
      "revenue": 15854
    },
    {
      "date": "2025-10-13",
      "title": "Fate/stay night",
      "views": 27287,
      "revenue": 15849
    },
    {
      "date": "2025-10-13",
      "title": "Higurashi no Naku Koro ni",
      "views": 28372,
      "revenue": 19842
    },
    {
      "date": "2025-10-13",
      "title": "Sakamoto desu ga?",
      "views": 32052,
      "revenue": 9976
    },
    {
      "date": "2025-10-13",
      "title": "Nanatsu no Taizai: Kamigami no Gekirin",
      "views": 20139,
      "revenue": 16271
    },
    {
      "date": "2025-10-13",
      "title": "Sankarea",
      "views": 21412,
      "revenue": 6717
    },
    {
      "date": "2025-10-13",
      "title": "Kore wa Zombie desu ka?",
      "views": 18605,
      "revenue": 5886
    },
    {
      "date": "2025-10-13",
      "title": "Log Horizon 2nd Season",
      "views": 22668,
      "revenue": 15456
    },
    {
      "date": "2025-10-13",
      "title": "Vampire Knight",
      "views": 13109,
      "revenue": 6341
    },
    {
      "date": "2025-10-13",
      "title": "Fruits Basket",
      "views": 21631,
      "revenue": 16105
    },
    {
      "date": "2025-10-13",
      "title": "Rurouni Kenshin: Meiji Kenkaku Romantan",
      "views": 24265,
      "revenue": 21969
    },
    {
      "date": "2025-10-13",
      "title": "Higurashi no Naku Koro ni Kai",
      "views": 23056,
      "revenue": 10310
    },
    {
      "date": "2025-10-13",
      "title": "Nanatsu no Taizai: Funnu no Shinpan",
      "views": 10095,
      "revenue": 9313
    },
    {
      "date": "2025-10-13",
      "title": "Kore wa Zombie desu ka? of the Dead",
      "views": 10578,
      "revenue": 3240
    },
    {
      "date": "2025-10-13",
      "title": "Vampire Knight Guilty",
      "views": 12486,
      "revenue": 4738
    },
    {
      "date": "2025-10-13",
      "title": "Jigoku Shoujo",
      "views": 10330,
      "revenue": 8446
    },
    {
      "date": "2025-10-13",
      "title": "Shouwa Genroku Rakugo Shinjuu",
      "views": 14345,
      "revenue": 4218
    },
    {
      "date": "2025-10-13",
      "title": "Nurarihyon no Mago",
      "views": 11074,
      "revenue": 9168
    },
    {
      "date": "2025-10-13",
      "title": "Ranma ½",
      "views": 8888,
      "revenue": 15166
    },
    {
      "date": "2025-10-14",
      "title": "Kono Subarashii Sekai ni Shukufuku wo!",
      "views": 138932,
      "revenue": 20504
    },
    {
      "date": "2025-10-14",
      "title": "Kono Subarashii Sekai ni Shukufuku wo! 2",
      "views": 94018,
      "revenue": 14491
    },
    {
      "date": "2025-10-14",
      "title": "Fate/stay night",
      "views": 32723,
      "revenue": 19006
    },
    {
      "date": "2025-10-14",
      "title": "Higurashi no Naku Koro ni",
      "views": 29089,
      "revenue": 20343
    },
    {
      "date": "2025-10-14",
      "title": "Sakamoto desu ga?",
      "views": 28300,
      "revenue": 8808
    },
    {
      "date": "2025-10-14",
      "title": "Nanatsu no Taizai: Kamigami no Gekirin",
      "views": 14028,
      "revenue": 11334
    },
    {
      "date": "2025-10-14",
      "title": "Sankarea",
      "views": 25858,
      "revenue": 8112
    },
    {
      "date": "2025-10-14",
      "title": "Kore wa Zombie desu ka?",
      "views": 22558,
      "revenue": 7136
    },
    {
      "date": "2025-10-14",
      "title": "Log Horizon 2nd Season",
      "views": 20612,
      "revenue": 14054
    },
    {
      "date": "2025-10-14",
      "title": "Vampire Knight",
      "views": 12358,
      "revenue": 5978
    },
    {
      "date": "2025-10-14",
      "title": "Fruits Basket",
      "views": 16832,
      "revenue": 12532
    },
    {
      "date": "2025-10-14",
      "title": "Rurouni Kenshin: Meiji Kenkaku Romantan",
      "views": 28585,
      "revenue": 25880
    },
    {
      "date": "2025-10-14",
      "title": "Higurashi no Naku Koro ni Kai",
      "views": 23615,
      "revenue": 10560
    },
    {
      "date": "2025-10-14",
      "title": "Nanatsu no Taizai: Funnu no Shinpan",
      "views": 10784,
      "revenue": 9949
    },
    {
      "date": "2025-10-14",
      "title": "Kore wa Zombie desu ka? of the Dead",
      "views": 15318,
      "revenue": 4692
    },
    {
      "date": "2025-10-14",
      "title": "Vampire Knight Guilty",
      "views": 12849,
      "revenue": 4876
    },
    {
      "date": "2025-10-14",
      "title": "Jigoku Shoujo",
      "views": 11336,
      "revenue": 9269
    },
    {
      "date": "2025-10-14",
      "title": "Shouwa Genroku Rakugo Shinjuu",
      "views": 16972,
      "revenue": 4990
    },
    {
      "date": "2025-10-14",
      "title": "Nurarihyon no Mago",
      "views": 9168,
      "revenue": 7590
    },
    {
      "date": "2025-10-14",
      "title": "Ranma ½",
      "views": 9074,
      "revenue": 15484
    },
    {
      "date": "2025-10-15",
      "title": "Kono Subarashii Sekai ni Shukufuku wo!",
      "views": 134719,
      "revenue": 19882
    },
    {
      "date": "2025-10-15",
      "title": "Kono Subarashii Sekai ni Shukufuku wo! 2",
      "views": 91916,
      "revenue": 14167
    },
    {
      "date": "2025-10-15",
      "title": "Fate/stay night",
      "views": 35036,
      "revenue": 20350
    },
    {
      "date": "2025-10-15",
      "title": "Higurashi no Naku Koro ni",
      "views": 32967,
      "revenue": 23055
    },
    {
      "date": "2025-10-15",
      "title": "Sakamoto desu ga?",
      "views": 30579,
      "revenue": 9518
    },
    {
      "date": "2025-10-15",
      "title": "Nanatsu no Taizai: Kamigami no Gekirin",
      "views": 16899,
      "revenue": 13653
    },
    {
      "date": "2025-10-15",
      "title": "Sankarea",
      "views": 22250,
      "revenue": 6980
    },
    {
      "date": "2025-10-15",
      "title": "Kore wa Zombie desu ka?",
      "views": 20769,
      "revenue": 6570
    },
    {
      "date": "2025-10-15",
      "title": "Log Horizon 2nd Season",
      "views": 17248,
      "revenue": 11761
    },
    {
      "date": "2025-10-15",
      "title": "Vampire Knight",
      "views": 14452,
      "revenue": 6991
    },
    {
      "date": "2025-10-15",
      "title": "Fruits Basket",
      "views": 15894,
      "revenue": 11833
    },
    {
      "date": "2025-10-15",
      "title": "Rurouni Kenshin: Meiji Kenkaku Romantan",
      "views": 30906,
      "revenue": 27982
    },
    {
      "date": "2025-10-15",
      "title": "Higurashi no Naku Koro ni Kai",
      "views": 27991,
      "revenue": 12517
    },
    {
      "date": "2025-10-15",
      "title": "Nanatsu no Taizai: Funnu no Shinpan",
      "views": 8433,
      "revenue": 7780
    },
    {
      "date": "2025-10-15",
      "title": "Kore wa Zombie desu ka? of the Dead",
      "views": 15194,
      "revenue": 4654
    },
    {
      "date": "2025-10-15",
      "title": "Vampire Knight Guilty",
      "views": 13876,
      "revenue": 5265
    },
    {
      "date": "2025-10-15",
      "title": "Jigoku Shoujo",
      "views": 14370,
      "revenue": 11750
    },
    {
      "date": "2025-10-15",
      "title": "Shouwa Genroku Rakugo Shinjuu",
      "views": 14136,
      "revenue": 4156
    },
    {
      "date": "2025-10-15",
      "title": "Nurarihyon no Mago",
      "views": 9517,
      "revenue": 7879
    },
    {
      "date": "2025-10-15",
      "title": "Ranma ½",
      "views": 8107,
      "revenue": 13835
    },
    {
      "date": "2025-10-16",
      "title": "Kono Subarashii Sekai ni Shukufuku wo!",
      "views": 129977,
      "revenue": 19182
    },
    {
      "date": "2025-10-16",
      "title": "Kono Subarashii Sekai ni Shukufuku wo! 2",
      "views": 99817,
      "revenue": 15385
    },
    {
      "date": "2025-10-16",
      "title": "Fate/stay night",
      "views": 32742,
      "revenue": 19017
    },
    {
      "date": "2025-10-16",
      "title": "Higurashi no Naku Koro ni",
      "views": 32869,
      "revenue": 22987
    },
    {
      "date": "2025-10-16",
      "title": "Sakamoto desu ga?",
      "views": 29959,
      "revenue": 9324
    },
    {
      "date": "2025-10-16",
      "title": "Nanatsu no Taizai: Kamigami no Gekirin",
      "views": 20649,
      "revenue": 16683
    },
    {
      "date": "2025-10-16",
      "title": "Sankarea",
      "views": 17786,
      "revenue": 5580
    },
    {
      "date": "2025-10-16",
      "title": "Kore wa Zombie desu ka?",
      "views": 24490,
      "revenue": 7747
    },
    {
      "date": "2025-10-16",
      "title": "Log Horizon 2nd Season",
      "views": 25465,
      "revenue": 17363
    },
    {
      "date": "2025-10-16",
      "title": "Vampire Knight",
      "views": 12429,
      "revenue": 6013
    },
    {
      "date": "2025-10-16",
      "title": "Fruits Basket",
      "views": 18190,
      "revenue": 13543
    },
    {
      "date": "2025-10-16",
      "title": "Rurouni Kenshin: Meiji Kenkaku Romantan",
      "views": 31974,
      "revenue": 28949
    },
    {
      "date": "2025-10-16",
      "title": "Higurashi no Naku Koro ni Kai",
      "views": 26745,
      "revenue": 11960
    },
    {
      "date": "2025-10-16",
      "title": "Nanatsu no Taizai: Funnu no Shinpan",
      "views": 10981,
      "revenue": 10131
    },
    {
      "date": "2025-10-16",
      "title": "Kore wa Zombie desu ka? of the Dead",
      "views": 10625,
      "revenue": 3254
    },
    {
      "date": "2025-10-16",
      "title": "Vampire Knight Guilty",
      "views": 14134,
      "revenue": 5363
    },
    {
      "date": "2025-10-16",
      "title": "Jigoku Shoujo",
      "views": 13924,
      "revenue": 11386
    },
    {
      "date": "2025-10-16",
      "title": "Shouwa Genroku Rakugo Shinjuu",
      "views": 14553,
      "revenue": 4279
    },
    {
      "date": "2025-10-16",
      "title": "Nurarihyon no Mago",
      "views": 8796,
      "revenue": 7282
    },
    {
      "date": "2025-10-16",
      "title": "Ranma ½",
      "views": 9083,
      "revenue": 15500
    },
    {
      "date": "2025-10-17",
      "title": "Kono Subarashii Sekai ni Shukufuku wo!",
      "views": 136777,
      "revenue": 20186
    },
    {
      "date": "2025-10-17",
      "title": "Kono Subarashii Sekai ni Shukufuku wo! 2",
      "views": 78458,
      "revenue": 12093
    },
    {
      "date": "2025-10-17",
      "title": "Fate/stay night",
      "views": 34954,
      "revenue": 20302
    },
    {
      "date": "2025-10-17",
      "title": "Higurashi no Naku Koro ni",
      "views": 33170,
      "revenue": 23198
    },
    {
      "date": "2025-10-17",
      "title": "Sakamoto desu ga?",
      "views": 22076,
      "revenue": 6871
    },
    {
      "date": "2025-10-17",
      "title": "Nanatsu no Taizai: Kamigami no Gekirin",
      "views": 20460,
      "revenue": 16530
    },
    {
      "date": "2025-10-17",
      "title": "Sankarea",
      "views": 18886,
      "revenue": 5925
    },
    {
      "date": "2025-10-17",
      "title": "Kore wa Zombie desu ka?",
      "views": 18906,
      "revenue": 5981
    },
    {
      "date": "2025-10-17",
      "title": "Log Horizon 2nd Season",
      "views": 21779,
      "revenue": 14850
    },
    {
      "date": "2025-10-17",
      "title": "Vampire Knight",
      "views": 12095,
      "revenue": 5851
    },
    {
      "date": "2025-10-17",
      "title": "Fruits Basket",
      "views": 18992,
      "revenue": 14140
    },
    {
      "date": "2025-10-17",
      "title": "Rurouni Kenshin: Meiji Kenkaku Romantan",
      "views": 34050,
      "revenue": 30828
    },
    {
      "date": "2025-10-17",
      "title": "Higurashi no Naku Koro ni Kai",
      "views": 29337,
      "revenue": 13119
    },
    {
      "date": "2025-10-17",
      "title": "Nanatsu no Taizai: Funnu no Shinpan",
      "views": 11438,
      "revenue": 10552
    },
    {
      "date": "2025-10-17",
      "title": "Kore wa Zombie desu ka? of the Dead",
      "views": 12394,
      "revenue": 3796
    },
    {
      "date": "2025-10-17",
      "title": "Vampire Knight Guilty",
      "views": 10702,
      "revenue": 4061
    },
    {
      "date": "2025-10-17",
      "title": "Jigoku Shoujo",
      "views": 12534,
      "revenue": 10248
    },
    {
      "date": "2025-10-17",
      "title": "Shouwa Genroku Rakugo Shinjuu",
      "views": 17511,
      "revenue": 5148
    },
    {
      "date": "2025-10-17",
      "title": "Nurarihyon no Mago",
      "views": 9470,
      "revenue": 7839
    },
    {
      "date": "2025-10-17",
      "title": "Ranma ½",
      "views": 8880,
      "revenue": 15154
    },
    {
      "date": "2025-10-18",
      "title": "Kono Subarashii Sekai ni Shukufuku wo!",
      "views": 94670,
      "revenue": 13971
    },
    {
      "date": "2025-10-18",
      "title": "Kono Subarashii Sekai ni Shukufuku wo! 2",
      "views": 107695,
      "revenue": 16599
    },
    {
      "date": "2025-10-18",
      "title": "Fate/stay night",
      "views": 37224,
      "revenue": 21621
    },
    {
      "date": "2025-10-18",
      "title": "Higurashi no Naku Koro ni",
      "views": 31037,
      "revenue": 21706
    },
    {
      "date": "2025-10-18",
      "title": "Sakamoto desu ga?",
      "views": 26316,
      "revenue": 8191
    },
    {
      "date": "2025-10-18",
      "title": "Nanatsu no Taizai: Kamigami no Gekirin",
      "views": 20340,
      "revenue": 16433
    },
    {
      "date": "2025-10-18",
      "title": "Sankarea",
      "views": 21492,
      "revenue": 6742
    },
    {
      "date": "2025-10-18",
      "title": "Kore wa Zombie desu ka?",
      "views": 18002,
      "revenue": 5695
    },
    {
      "date": "2025-10-18",
      "title": "Log Horizon 2nd Season",
      "views": 19338,
      "revenue": 13185
    },
    {
      "date": "2025-10-18",
      "title": "Vampire Knight",
      "views": 15249,
      "revenue": 7377
    },
    {
      "date": "2025-10-18",
      "title": "Fruits Basket",
      "views": 21340,
      "revenue": 15888
    },
    {
      "date": "2025-10-18",
      "title": "Rurouni Kenshin: Meiji Kenkaku Romantan",
      "views": 30577,
      "revenue": 27684
    },
    {
      "date": "2025-10-18",
      "title": "Higurashi no Naku Koro ni Kai",
      "views": 30675,
      "revenue": 13717
    },
    {
      "date": "2025-10-18",
      "title": "Nanatsu no Taizai: Funnu no Shinpan",
      "views": 11368,
      "revenue": 10488
    },
    {
      "date": "2025-10-18",
      "title": "Kore wa Zombie desu ka? of the Dead",
      "views": 13177,
      "revenue": 4036
    },
    {
      "date": "2025-10-18",
      "title": "Vampire Knight Guilty",
      "views": 10825,
      "revenue": 4108
    },
    {
      "date": "2025-10-18",
      "title": "Jigoku Shoujo",
      "views": 10788,
      "revenue": 8821
    },
    {
      "date": "2025-10-18",
      "title": "Shouwa Genroku Rakugo Shinjuu",
      "views": 19746,
      "revenue": 5805
    },
    {
      "date": "2025-10-18",
      "title": "Nurarihyon no Mago",
      "views": 8104,
      "revenue": 6709
    },
    {
      "date": "2025-10-18",
      "title": "Ranma ½",
      "views": 7538,
      "revenue": 12864
    },
    {
      "date": "2025-10-19",
      "title": "Kono Subarashii Sekai ni Shukufuku wo!",
      "views": 138022,
      "revenue": 20369
    },
    {
      "date": "2025-10-19",
      "title": "Kono Subarashii Sekai ni Shukufuku wo! 2",
      "views": 99481,
      "revenue": 15333
    },
    {
      "date": "2025-10-19",
      "title": "Fate/stay night",
      "views": 29943,
      "revenue": 17392
    },
    {
      "date": "2025-10-19",
      "title": "Higurashi no Naku Koro ni",
      "views": 30108,
      "revenue": 21056
    },
    {
      "date": "2025-10-19",
      "title": "Sakamoto desu ga?",
      "views": 31201,
      "revenue": 9711
    },
    {
      "date": "2025-10-19",
      "title": "Nanatsu no Taizai: Kamigami no Gekirin",
      "views": 15029,
      "revenue": 12143
    },
    {
      "date": "2025-10-19",
      "title": "Sankarea",
      "views": 19798,
      "revenue": 6211
    },
    {
      "date": "2025-10-19",
      "title": "Kore wa Zombie desu ka?",
      "views": 25979,
      "revenue": 8219
    },
    {
      "date": "2025-10-19",
      "title": "Log Horizon 2nd Season",
      "views": 25102,
      "revenue": 17116
    },
    {
      "date": "2025-10-19",
      "title": "Vampire Knight",
      "views": 16108,
      "revenue": 7792
    },
    {
      "date": "2025-10-19",
      "title": "Fruits Basket",
      "views": 21186,
      "revenue": 15774
    },
    {
      "date": "2025-10-19",
      "title": "Rurouni Kenshin: Meiji Kenkaku Romantan",
      "views": 24164,
      "revenue": 21878
    },
    {
      "date": "2025-10-19",
      "title": "Higurashi no Naku Koro ni Kai",
      "views": 23293,
      "revenue": 10416
    },
    {
      "date": "2025-10-19",
      "title": "Nanatsu no Taizai: Funnu no Shinpan",
      "views": 9326,
      "revenue": 8604
    },
    {
      "date": "2025-10-19",
      "title": "Kore wa Zombie desu ka? of the Dead",
      "views": 15617,
      "revenue": 4784
    },
    {
      "date": "2025-10-19",
      "title": "Vampire Knight Guilty",
      "views": 14892,
      "revenue": 5651
    },
    {
      "date": "2025-10-19",
      "title": "Jigoku Shoujo",
      "views": 14736,
      "revenue": 12049
    },
    {
      "date": "2025-10-19",
      "title": "Shouwa Genroku Rakugo Shinjuu",
      "views": 17468,
      "revenue": 5136
    },
    {
      "date": "2025-10-19",
      "title": "Nurarihyon no Mago",
      "views": 8878,
      "revenue": 7350
    },
    {
      "date": "2025-10-19",
      "title": "Ranma ½",
      "views": 11155,
      "revenue": 19037
    },
    {
      "date": "2025-10-20",
      "title": "Kono Subarashii Sekai ni Shukufuku wo!",
      "views": 127066,
      "revenue": 18753
    },
    {
      "date": "2025-10-20",
      "title": "Kono Subarashii Sekai ni Shukufuku wo! 2",
      "views": 107697,
      "revenue": 16599
    },
    {
      "date": "2025-10-20",
      "title": "Fate/stay night",
      "views": 30282,
      "revenue": 17589
    },
    {
      "date": "2025-10-20",
      "title": "Higurashi no Naku Koro ni",
      "views": 25000,
      "revenue": 17484
    },
    {
      "date": "2025-10-20",
      "title": "Sakamoto desu ga?",
      "views": 21879,
      "revenue": 6810
    },
    {
      "date": "2025-10-20",
      "title": "Nanatsu no Taizai: Kamigami no Gekirin",
      "views": 16198,
      "revenue": 13087
    },
    {
      "date": "2025-10-20",
      "title": "Sankarea",
      "views": 21967,
      "revenue": 6892
    },
    {
      "date": "2025-10-20",
      "title": "Kore wa Zombie desu ka?",
      "views": 22038,
      "revenue": 6972
    },
    {
      "date": "2025-10-20",
      "title": "Log Horizon 2nd Season",
      "views": 25284,
      "revenue": 17240
    },
    {
      "date": "2025-10-20",
      "title": "Vampire Knight",
      "views": 16265,
      "revenue": 7868
    },
    {
      "date": "2025-10-20",
      "title": "Fruits Basket",
      "views": 21208,
      "revenue": 15790
    },
    {
      "date": "2025-10-20",
      "title": "Rurouni Kenshin: Meiji Kenkaku Romantan",
      "views": 32314,
      "revenue": 29256
    },
    {
      "date": "2025-10-20",
      "title": "Higurashi no Naku Koro ni Kai",
      "views": 24841,
      "revenue": 11108
    },
    {
      "date": "2025-10-20",
      "title": "Nanatsu no Taizai: Funnu no Shinpan",
      "views": 8738,
      "revenue": 8062
    },
    {
      "date": "2025-10-20",
      "title": "Kore wa Zombie desu ka? of the Dead",
      "views": 14561,
      "revenue": 4460
    },
    {
      "date": "2025-10-20",
      "title": "Vampire Knight Guilty",
      "views": 13756,
      "revenue": 5220
    },
    {
      "date": "2025-10-20",
      "title": "Jigoku Shoujo",
      "views": 12193,
      "revenue": 9970
    },
    {
      "date": "2025-10-20",
      "title": "Shouwa Genroku Rakugo Shinjuu",
      "views": 16106,
      "revenue": 4735
    },
    {
      "date": "2025-10-20",
      "title": "Nurarihyon no Mago",
      "views": 11073,
      "revenue": 9167
    },
    {
      "date": "2025-10-20",
      "title": "Ranma ½",
      "views": 11022,
      "revenue": 18809
    },
    {
      "date": "2025-10-21",
      "title": "Kono Subarashii Sekai ni Shukufuku wo!",
      "views": 107675,
      "revenue": 15891
    },
    {
      "date": "2025-10-21",
      "title": "Kono Subarashii Sekai ni Shukufuku wo! 2",
      "views": 101650,
      "revenue": 15667
    },
    {
      "date": "2025-10-21",
      "title": "Fate/stay night",
      "views": 32712,
      "revenue": 19000
    },
    {
      "date": "2025-10-21",
      "title": "Higurashi no Naku Koro ni",
      "views": 23245,
      "revenue": 16257
    },
    {
      "date": "2025-10-21",
      "title": "Sakamoto desu ga?",
      "views": 26016,
      "revenue": 8097
    },
    {
      "date": "2025-10-21",
      "title": "Nanatsu no Taizai: Kamigami no Gekirin",
      "views": 17356,
      "revenue": 14022
    },
    {
      "date": "2025-10-21",
      "title": "Sankarea",
      "views": 18633,
      "revenue": 5845
    },
    {
      "date": "2025-10-21",
      "title": "Kore wa Zombie desu ka?",
      "views": 21749,
      "revenue": 6880
    },
    {
      "date": "2025-10-21",
      "title": "Log Horizon 2nd Season",
      "views": 22071,
      "revenue": 15049
    },
    {
      "date": "2025-10-21",
      "title": "Vampire Knight",
      "views": 16427,
      "revenue": 7946
    },
    {
      "date": "2025-10-21",
      "title": "Fruits Basket",
      "views": 22332,
      "revenue": 16627
    },
    {
      "date": "2025-10-21",
      "title": "Rurouni Kenshin: Meiji Kenkaku Romantan",
      "views": 33305,
      "revenue": 30154
    },
    {
      "date": "2025-10-21",
      "title": "Higurashi no Naku Koro ni Kai",
      "views": 27631,
      "revenue": 12356
    },
    {
      "date": "2025-10-21",
      "title": "Nanatsu no Taizai: Funnu no Shinpan",
      "views": 12169,
      "revenue": 11227
    },
    {
      "date": "2025-10-21",
      "title": "Kore wa Zombie desu ka? of the Dead",
      "views": 14012,
      "revenue": 4292
    },
    {
      "date": "2025-10-21",
      "title": "Vampire Knight Guilty",
      "views": 14347,
      "revenue": 5444
    },
    {
      "date": "2025-10-21",
      "title": "Jigoku Shoujo",
      "views": 12799,
      "revenue": 10465
    },
    {
      "date": "2025-10-21",
      "title": "Shouwa Genroku Rakugo Shinjuu",
      "views": 19171,
      "revenue": 5636
    },
    {
      "date": "2025-10-21",
      "title": "Nurarihyon no Mago",
      "views": 10214,
      "revenue": 8455
    },
    {
      "date": "2025-10-21",
      "title": "Ranma ½",
      "views": 9819,
      "revenue": 16756
    },
    {
      "date": "2025-10-22",
      "title": "Kono Subarashii Sekai ni Shukufuku wo!",
      "views": 126333,
      "revenue": 18644
    },
    {
      "date": "2025-10-22",
      "title": "Kono Subarashii Sekai ni Shukufuku wo! 2",
      "views": 91019,
      "revenue": 14029
    },
    {
      "date": "2025-10-22",
      "title": "Fate/stay night",
      "views": 37647,
      "revenue": 21866
    },
    {
      "date": "2025-10-22",
      "title": "Higurashi no Naku Koro ni",
      "views": 30554,
      "revenue": 21368
    },
    {
      "date": "2025-10-22",
      "title": "Sakamoto desu ga?",
      "views": 28747,
      "revenue": 8947
    },
    {
      "date": "2025-10-22",
      "title": "Nanatsu no Taizai: Kamigami no Gekirin",
      "views": 18940,
      "revenue": 15302
    },
    {
      "date": "2025-10-22",
      "title": "Sankarea",
      "views": 24137,
      "revenue": 7572
    },
    {
      "date": "2025-10-22",
      "title": "Kore wa Zombie desu ka?",
      "views": 25576,
      "revenue": 8091
    },
    {
      "date": "2025-10-22",
      "title": "Log Horizon 2nd Season",
      "views": 25159,
      "revenue": 17154
    },
    {
      "date": "2025-10-22",
      "title": "Vampire Knight",
      "views": 14065,
      "revenue": 6804
    },
    {
      "date": "2025-10-22",
      "title": "Fruits Basket",
      "views": 19612,
      "revenue": 14602
    },
    {
      "date": "2025-10-22",
      "title": "Rurouni Kenshin: Meiji Kenkaku Romantan",
      "views": 25855,
      "revenue": 23409
    },
    {
      "date": "2025-10-22",
      "title": "Higurashi no Naku Koro ni Kai",
      "views": 31167,
      "revenue": 13937
    },
    {
      "date": "2025-10-22",
      "title": "Nanatsu no Taizai: Funnu no Shinpan",
      "views": 8406,
      "revenue": 7756
    },
    {
      "date": "2025-10-22",
      "title": "Kore wa Zombie desu ka? of the Dead",
      "views": 13751,
      "revenue": 4212
    },
    {
      "date": "2025-10-22",
      "title": "Vampire Knight Guilty",
      "views": 10672,
      "revenue": 4050
    },
    {
      "date": "2025-10-22",
      "title": "Jigoku Shoujo",
      "views": 10502,
      "revenue": 8587
    },
    {
      "date": "2025-10-22",
      "title": "Shouwa Genroku Rakugo Shinjuu",
      "views": 17069,
      "revenue": 5018
    },
    {
      "date": "2025-10-22",
      "title": "Nurarihyon no Mago",
      "views": 10813,
      "revenue": 8951
    },
    {
      "date": "2025-10-22",
      "title": "Ranma ½",
      "views": 10621,
      "revenue": 18125
    },
    {
      "date": "2025-10-23",
      "title": "Kono Subarashii Sekai ni Shukufuku wo!",
      "views": 116798,
      "revenue": 17237
    },
    {
      "date": "2025-10-23",
      "title": "Kono Subarashii Sekai ni Shukufuku wo! 2",
      "views": 84981,
      "revenue": 13098
    },
    {
      "date": "2025-10-23",
      "title": "Fate/stay night",
      "views": 33380,
      "revenue": 19388
    },
    {
      "date": "2025-10-23",
      "title": "Higurashi no Naku Koro ni",
      "views": 23729,
      "revenue": 16595
    },
    {
      "date": "2025-10-23",
      "title": "Sakamoto desu ga?",
      "views": 26964,
      "revenue": 8392
    },
    {
      "date": "2025-10-23",
      "title": "Nanatsu no Taizai: Kamigami no Gekirin",
      "views": 14434,
      "revenue": 11662
    },
    {
      "date": "2025-10-23",
      "title": "Sankarea",
      "views": 18115,
      "revenue": 5683
    },
    {
      "date": "2025-10-23",
      "title": "Kore wa Zombie desu ka?",
      "views": 23914,
      "revenue": 7565
    },
    {
      "date": "2025-10-23",
      "title": "Log Horizon 2nd Season",
      "views": 20115,
      "revenue": 13715
    },
    {
      "date": "2025-10-23",
      "title": "Vampire Knight",
      "views": 13697,
      "revenue": 6626
    },
    {
      "date": "2025-10-23",
      "title": "Fruits Basket",
      "views": 21836,
      "revenue": 16257
    },
    {
      "date": "2025-10-23",
      "title": "Rurouni Kenshin: Meiji Kenkaku Romantan",
      "views": 24382,
      "revenue": 22076
    },
    {
      "date": "2025-10-23",
      "title": "Higurashi no Naku Koro ni Kai",
      "views": 24001,
      "revenue": 10733
    },
    {
      "date": "2025-10-23",
      "title": "Nanatsu no Taizai: Funnu no Shinpan",
      "views": 8574,
      "revenue": 7911
    },
    {
      "date": "2025-10-23",
      "title": "Kore wa Zombie desu ka? of the Dead",
      "views": 11867,
      "revenue": 3635
    },
    {
      "date": "2025-10-23",
      "title": "Vampire Knight Guilty",
      "views": 10725,
      "revenue": 4069
    },
    {
      "date": "2025-10-23",
      "title": "Jigoku Shoujo",
      "views": 14158,
      "revenue": 11576
    },
    {
      "date": "2025-10-23",
      "title": "Shouwa Genroku Rakugo Shinjuu",
      "views": 20508,
      "revenue": 6029
    },
    {
      "date": "2025-10-23",
      "title": "Nurarihyon no Mago",
      "views": 11303,
      "revenue": 9356
    },
    {
      "date": "2025-10-23",
      "title": "Ranma ½",
      "views": 8065,
      "revenue": 13763
    },
    {
      "date": "2025-10-24",
      "title": "Kono Subarashii Sekai ni Shukufuku wo!",
      "views": 96152,
      "revenue": 14190
    },
    {
      "date": "2025-10-24",
      "title": "Kono Subarashii Sekai ni Shukufuku wo! 2",
      "views": 101938,
      "revenue": 15712
    },
    {
      "date": "2025-10-24",
      "title": "Fate/stay night",
      "views": 28770,
      "revenue": 16710
    },
    {
      "date": "2025-10-24",
      "title": "Higurashi no Naku Koro ni",
      "views": 28337,
      "revenue": 19818
    },
    {
      "date": "2025-10-24",
      "title": "Sakamoto desu ga?",
      "views": 29428,
      "revenue": 9159
    },
    {
      "date": "2025-10-24",
      "title": "Nanatsu no Taizai: Kamigami no Gekirin",
      "views": 19694,
      "revenue": 15912
    },
    {
      "date": "2025-10-24",
      "title": "Sankarea",
      "views": 22636,
      "revenue": 7101
    },
    {
      "date": "2025-10-24",
      "title": "Kore wa Zombie desu ka?",
      "views": 19195,
      "revenue": 6073
    },
    {
      "date": "2025-10-24",
      "title": "Log Horizon 2nd Season",
      "views": 22466,
      "revenue": 15318
    },
    {
      "date": "2025-10-24",
      "title": "Vampire Knight",
      "views": 13658,
      "revenue": 6607
    },
    {
      "date": "2025-10-24",
      "title": "Fruits Basket",
      "views": 18107,
      "revenue": 13481
    },
    {
      "date": "2025-10-24",
      "title": "Rurouni Kenshin: Meiji Kenkaku Romantan",
      "views": 27661,
      "revenue": 25044
    },
    {
      "date": "2025-10-24",
      "title": "Higurashi no Naku Koro ni Kai",
      "views": 24107,
      "revenue": 10780
    },
    {
      "date": "2025-10-24",
      "title": "Nanatsu no Taizai: Funnu no Shinpan",
      "views": 8729,
      "revenue": 8054
    },
    {
      "date": "2025-10-24",
      "title": "Kore wa Zombie desu ka? of the Dead",
      "views": 10692,
      "revenue": 3275
    },
    {
      "date": "2025-10-24",
      "title": "Vampire Knight Guilty",
      "views": 10853,
      "revenue": 4118
    },
    {
      "date": "2025-10-24",
      "title": "Jigoku Shoujo",
      "views": 12828,
      "revenue": 10489
    },
    {
      "date": "2025-10-24",
      "title": "Shouwa Genroku Rakugo Shinjuu",
      "views": 18643,
      "revenue": 5481
    },
    {
      "date": "2025-10-24",
      "title": "Nurarihyon no Mago",
      "views": 7965,
      "revenue": 6593
    },
    {
      "date": "2025-10-24",
      "title": "Ranma ½",
      "views": 7770,
      "revenue": 13260
    },
    {
      "date": "2025-10-25",
      "title": "Kono Subarashii Sekai ni Shukufuku wo!",
      "views": 110021,
      "revenue": 16237
    },
    {
      "date": "2025-10-25",
      "title": "Kono Subarashii Sekai ni Shukufuku wo! 2",
      "views": 79167,
      "revenue": 12202
    },
    {
      "date": "2025-10-25",
      "title": "Fate/stay night",
      "views": 32419,
      "revenue": 18830
    },
    {
      "date": "2025-10-25",
      "title": "Higurashi no Naku Koro ni",
      "views": 24074,
      "revenue": 16836
    },
    {
      "date": "2025-10-25",
      "title": "Sakamoto desu ga?",
      "views": 26079,
      "revenue": 8117
    },
    {
      "date": "2025-10-25",
      "title": "Nanatsu no Taizai: Kamigami no Gekirin",
      "views": 15676,
      "revenue": 12666
    },
    {
      "date": "2025-10-25",
      "title": "Sankarea",
      "views": 23701,
      "revenue": 7435
    },
    {
      "date": "2025-10-25",
      "title": "Kore wa Zombie desu ka?",
      "views": 18129,
      "revenue": 5735
    },
    {
      "date": "2025-10-25",
      "title": "Log Horizon 2nd Season",
      "views": 25283,
      "revenue": 17239
    },
    {
      "date": "2025-10-25",
      "title": "Vampire Knight",
      "views": 13504,
      "revenue": 6532
    },
    {
      "date": "2025-10-25",
      "title": "Fruits Basket",
      "views": 19630,
      "revenue": 14615
    },
    {
      "date": "2025-10-25",
      "title": "Rurouni Kenshin: Meiji Kenkaku Romantan",
      "views": 26629,
      "revenue": 24109
    },
    {
      "date": "2025-10-25",
      "title": "Higurashi no Naku Koro ni Kai",
      "views": 30315,
      "revenue": 13556
    },
    {
      "date": "2025-10-25",
      "title": "Nanatsu no Taizai: Funnu no Shinpan",
      "views": 9379,
      "revenue": 8653
    },
    {
      "date": "2025-10-25",
      "title": "Kore wa Zombie desu ka? of the Dead",
      "views": 13852,
      "revenue": 4243
    },
    {
      "date": "2025-10-25",
      "title": "Vampire Knight Guilty",
      "views": 11311,
      "revenue": 4292
    },
    {
      "date": "2025-10-25",
      "title": "Jigoku Shoujo",
      "views": 13932,
      "revenue": 11392
    },
    {
      "date": "2025-10-25",
      "title": "Shouwa Genroku Rakugo Shinjuu",
      "views": 15999,
      "revenue": 4704
    },
    {
      "date": "2025-10-25",
      "title": "Nurarihyon no Mago",
      "views": 7688,
      "revenue": 6364
    },
    {
      "date": "2025-10-25",
      "title": "Ranma ½",
      "views": 7978,
      "revenue": 13615
    },
    {
      "date": "2025-10-26",
      "title": "Kono Subarashii Sekai ni Shukufuku wo!",
      "views": 99954,
      "revenue": 14751
    },
    {
      "date": "2025-10-26",
      "title": "Kono Subarashii Sekai ni Shukufuku wo! 2",
      "views": 77470,
      "revenue": 11940
    },
    {
      "date": "2025-10-26",
      "title": "Fate/stay night",
      "views": 26452,
      "revenue": 15364
    },
    {
      "date": "2025-10-26",
      "title": "Higurashi no Naku Koro ni",
      "views": 30047,
      "revenue": 21013
    },
    {
      "date": "2025-10-26",
      "title": "Sakamoto desu ga?",
      "views": 30855,
      "revenue": 9603
    },
    {
      "date": "2025-10-26",
      "title": "Nanatsu no Taizai: Kamigami no Gekirin",
      "views": 19550,
      "revenue": 15795
    },
    {
      "date": "2025-10-26",
      "title": "Sankarea",
      "views": 19197,
      "revenue": 6022
    },
    {
      "date": "2025-10-26",
      "title": "Kore wa Zombie desu ka?",
      "views": 19780,
      "revenue": 6257
    },
    {
      "date": "2025-10-26",
      "title": "Log Horizon 2nd Season",
      "views": 25259,
      "revenue": 17222
    },
    {
      "date": "2025-10-26",
      "title": "Vampire Knight",
      "views": 16039,
      "revenue": 7759
    },
    {
      "date": "2025-10-26",
      "title": "Fruits Basket",
      "views": 16475,
      "revenue": 12266
    },
    {
      "date": "2025-10-26",
      "title": "Rurouni Kenshin: Meiji Kenkaku Romantan",
      "views": 34318,
      "revenue": 31071
    },
    {
      "date": "2025-10-26",
      "title": "Higurashi no Naku Koro ni Kai",
      "views": 24865,
      "revenue": 11119
    },
    {
      "date": "2025-10-26",
      "title": "Nanatsu no Taizai: Funnu no Shinpan",
      "views": 9805,
      "revenue": 9046
    },
    {
      "date": "2025-10-26",
      "title": "Kore wa Zombie desu ka? of the Dead",
      "views": 13793,
      "revenue": 4225
    },
    {
      "date": "2025-10-26",
      "title": "Vampire Knight Guilty",
      "views": 12675,
      "revenue": 4809
    },
    {
      "date": "2025-10-26",
      "title": "Jigoku Shoujo",
      "views": 13919,
      "revenue": 11381
    },
    {
      "date": "2025-10-26",
      "title": "Shouwa Genroku Rakugo Shinjuu",
      "views": 20623,
      "revenue": 6063
    },
    {
      "date": "2025-10-26",
      "title": "Nurarihyon no Mago",
      "views": 7829,
      "revenue": 6481
    },
    {
      "date": "2025-10-26",
      "title": "Ranma ½",
      "views": 9168,
      "revenue": 15646
    },
    {
      "date": "2025-10-27",
      "title": "Kono Subarashii Sekai ni Shukufuku wo!",
      "views": 109139,
      "revenue": 16107
    },
    {
      "date": "2025-10-27",
      "title": "Kono Subarashii Sekai ni Shukufuku wo! 2",
      "views": 86878,
      "revenue": 13390
    },
    {
      "date": "2025-10-27",
      "title": "Fate/stay night",
      "views": 28971,
      "revenue": 16827
    },
    {
      "date": "2025-10-27",
      "title": "Higurashi no Naku Koro ni",
      "views": 22824,
      "revenue": 15962
    },
    {
      "date": "2025-10-27",
      "title": "Sakamoto desu ga?",
      "views": 28141,
      "revenue": 8759
    },
    {
      "date": "2025-10-27",
      "title": "Nanatsu no Taizai: Kamigami no Gekirin",
      "views": 15689,
      "revenue": 12676
    },
    {
      "date": "2025-10-27",
      "title": "Sankarea",
      "views": 21308,
      "revenue": 6685
    },
    {
      "date": "2025-10-27",
      "title": "Kore wa Zombie desu ka?",
      "views": 18312,
      "revenue": 5793
    },
    {
      "date": "2025-10-27",
      "title": "Log Horizon 2nd Season",
      "views": 24719,
      "revenue": 16855
    },
    {
      "date": "2025-10-27",
      "title": "Vampire Knight",
      "views": 16546,
      "revenue": 8004
    },
    {
      "date": "2025-10-27",
      "title": "Fruits Basket",
      "views": 16497,
      "revenue": 12283
    },
    {
      "date": "2025-10-27",
      "title": "Rurouni Kenshin: Meiji Kenkaku Romantan",
      "views": 34187,
      "revenue": 30952
    },
    {
      "date": "2025-10-27",
      "title": "Higurashi no Naku Koro ni Kai",
      "views": 31028,
      "revenue": 13875
    },
    {
      "date": "2025-10-27",
      "title": "Nanatsu no Taizai: Funnu no Shinpan",
      "views": 10081,
      "revenue": 9301
    },
    {
      "date": "2025-10-27",
      "title": "Kore wa Zombie desu ka? of the Dead",
      "views": 15389,
      "revenue": 4714
    },
    {
      "date": "2025-10-27",
      "title": "Vampire Knight Guilty",
      "views": 10562,
      "revenue": 4008
    },
    {
      "date": "2025-10-27",
      "title": "Jigoku Shoujo",
      "views": 11464,
      "revenue": 9374
    },
    {
      "date": "2025-10-27",
      "title": "Shouwa Genroku Rakugo Shinjuu",
      "views": 19616,
      "revenue": 5767
    },
    {
      "date": "2025-10-27",
      "title": "Nurarihyon no Mago",
      "views": 9037,
      "revenue": 7481
    },
    {
      "date": "2025-10-27",
      "title": "Ranma ½",
      "views": 7888,
      "revenue": 13462
    },
    {
      "date": "2025-10-28",
      "title": "Kono Subarashii Sekai ni Shukufuku wo!",
      "views": 113619,
      "revenue": 16768
    },
    {
      "date": "2025-10-28",
      "title": "Kono Subarashii Sekai ni Shukufuku wo! 2",
      "views": 84548,
      "revenue": 13031
    },
    {
      "date": "2025-10-28",
      "title": "Fate/stay night",
      "views": 30727,
      "revenue": 17847
    },
    {
      "date": "2025-10-28",
      "title": "Higurashi no Naku Koro ni",
      "views": 32230,
      "revenue": 22540
    },
    {
      "date": "2025-10-28",
      "title": "Sakamoto desu ga?",
      "views": 29476,
      "revenue": 9174
    },
    {
      "date": "2025-10-28",
      "title": "Nanatsu no Taizai: Kamigami no Gekirin",
      "views": 18497,
      "revenue": 14945
    },
    {
      "date": "2025-10-28",
      "title": "Sankarea",
      "views": 21633,
      "revenue": 6786
    },
    {
      "date": "2025-10-28",
      "title": "Kore wa Zombie desu ka?",
      "views": 18572,
      "revenue": 5875
    },
    {
      "date": "2025-10-28",
      "title": "Log Horizon 2nd Season",
      "views": 20722,
      "revenue": 14129
    },
    {
      "date": "2025-10-28",
      "title": "Vampire Knight",
      "views": 13028,
      "revenue": 6302
    },
    {
      "date": "2025-10-28",
      "title": "Fruits Basket",
      "views": 16705,
      "revenue": 12437
    },
    {
      "date": "2025-10-28",
      "title": "Rurouni Kenshin: Meiji Kenkaku Romantan",
      "views": 30375,
      "revenue": 27501
    },
    {
      "date": "2025-10-28",
      "title": "Higurashi no Naku Koro ni Kai",
      "views": 28987,
      "revenue": 12962
    },
    {
      "date": "2025-10-28",
      "title": "Nanatsu no Taizai: Funnu no Shinpan",
      "views": 8559,
      "revenue": 7896
    },
    {
      "date": "2025-10-28",
      "title": "Kore wa Zombie desu ka? of the Dead",
      "views": 11293,
      "revenue": 3459
    },
    {
      "date": "2025-10-28",
      "title": "Vampire Knight Guilty",
      "views": 11850,
      "revenue": 4496
    },
    {
      "date": "2025-10-28",
      "title": "Jigoku Shoujo",
      "views": 12255,
      "revenue": 10021
    },
    {
      "date": "2025-10-28",
      "title": "Shouwa Genroku Rakugo Shinjuu",
      "views": 17920,
      "revenue": 5268
    },
    {
      "date": "2025-10-28",
      "title": "Nurarihyon no Mago",
      "views": 10016,
      "revenue": 8291
    },
    {
      "date": "2025-10-28",
      "title": "Ranma ½",
      "views": 10388,
      "revenue": 17727
    },
    {
      "date": "2025-10-29",
      "title": "Kono Subarashii Sekai ni Shukufuku wo!",
      "views": 108549,
      "revenue": 16020
    },
    {
      "date": "2025-10-29",
      "title": "Kono Subarashii Sekai ni Shukufuku wo! 2",
      "views": 91268,
      "revenue": 14067
    },
    {
      "date": "2025-10-29",
      "title": "Fate/stay night",
      "views": 26762,
      "revenue": 15544
    },
    {
      "date": "2025-10-29",
      "title": "Higurashi no Naku Koro ni",
      "views": 28322,
      "revenue": 19807
    },
    {
      "date": "2025-10-29",
      "title": "Sakamoto desu ga?",
      "views": 23470,
      "revenue": 7305
    },
    {
      "date": "2025-10-29",
      "title": "Nanatsu no Taizai: Kamigami no Gekirin",
      "views": 18844,
      "revenue": 15225
    },
    {
      "date": "2025-10-29",
      "title": "Sankarea",
      "views": 18023,
      "revenue": 5654
    },
    {
      "date": "2025-10-29",
      "title": "Kore wa Zombie desu ka?",
      "views": 21724,
      "revenue": 6873
    },
    {
      "date": "2025-10-29",
      "title": "Log Horizon 2nd Season",
      "views": 24714,
      "revenue": 16851
    },
    {
      "date": "2025-10-29",
      "title": "Vampire Knight",
      "views": 13395,
      "revenue": 6480
    },
    {
      "date": "2025-10-29",
      "title": "Fruits Basket",
      "views": 15822,
      "revenue": 11780
    },
    {
      "date": "2025-10-29",
      "title": "Rurouni Kenshin: Meiji Kenkaku Romantan",
      "views": 30114,
      "revenue": 27265
    },
    {
      "date": "2025-10-29",
      "title": "Higurashi no Naku Koro ni Kai",
      "views": 31626,
      "revenue": 14142
    },
    {
      "date": "2025-10-29",
      "title": "Nanatsu no Taizai: Funnu no Shinpan",
      "views": 12423,
      "revenue": 11461
    },
    {
      "date": "2025-10-29",
      "title": "Kore wa Zombie desu ka? of the Dead",
      "views": 15265,
      "revenue": 4676
    },
    {
      "date": "2025-10-29",
      "title": "Vampire Knight Guilty",
      "views": 14470,
      "revenue": 5490
    },
    {
      "date": "2025-10-29",
      "title": "Jigoku Shoujo",
      "views": 14748,
      "revenue": 12059
    },
    {
      "date": "2025-10-29",
      "title": "Shouwa Genroku Rakugo Shinjuu",
      "views": 14386,
      "revenue": 4229
    },
    {
      "date": "2025-10-29",
      "title": "Nurarihyon no Mago",
      "views": 10413,
      "revenue": 8620
    },
    {
      "date": "2025-10-29",
      "title": "Ranma ½",
      "views": 10491,
      "revenue": 17902
    },
    {
      "date": "2025-10-30",
      "title": "Kono Subarashii Sekai ni Shukufuku wo!",
      "views": 125444,
      "revenue": 18513
    },
    {
      "date": "2025-10-30",
      "title": "Kono Subarashii Sekai ni Shukufuku wo! 2",
      "views": 79104,
      "revenue": 12192
    },
    {
      "date": "2025-10-30",
      "title": "Fate/stay night",
      "views": 32245,
      "revenue": 18729
    },
    {
      "date": "2025-10-30",
      "title": "Higurashi no Naku Koro ni",
      "views": 33112,
      "revenue": 23157
    },
    {
      "date": "2025-10-30",
      "title": "Sakamoto desu ga?",
      "views": 23670,
      "revenue": 7367
    },
    {
      "date": "2025-10-30",
      "title": "Nanatsu no Taizai: Kamigami no Gekirin",
      "views": 18339,
      "revenue": 14817
    },
    {
      "date": "2025-10-30",
      "title": "Sankarea",
      "views": 18291,
      "revenue": 5738
    },
    {
      "date": "2025-10-30",
      "title": "Kore wa Zombie desu ka?",
      "views": 17996,
      "revenue": 5693
    },
    {
      "date": "2025-10-30",
      "title": "Log Horizon 2nd Season",
      "views": 19102,
      "revenue": 13025
    },
    {
      "date": "2025-10-30",
      "title": "Vampire Knight",
      "views": 16336,
      "revenue": 7903
    },
    {
      "date": "2025-10-30",
      "title": "Fruits Basket",
      "views": 20004,
      "revenue": 14894
    },
    {
      "date": "2025-10-30",
      "title": "Rurouni Kenshin: Meiji Kenkaku Romantan",
      "views": 28192,
      "revenue": 25525
    },
    {
      "date": "2025-10-30",
      "title": "Higurashi no Naku Koro ni Kai",
      "views": 30925,
      "revenue": 13829
    },
    {
      "date": "2025-10-30",
      "title": "Nanatsu no Taizai: Funnu no Shinpan",
      "views": 10799,
      "revenue": 9963
    },
    {
      "date": "2025-10-30",
      "title": "Kore wa Zombie desu ka? of the Dead",
      "views": 14062,
      "revenue": 4307
    },
    {
      "date": "2025-10-30",
      "title": "Vampire Knight Guilty",
      "views": 15039,
      "revenue": 5706
    },
    {
      "date": "2025-10-30",
      "title": "Jigoku Shoujo",
      "views": 11718,
      "revenue": 9582
    },
    {
      "date": "2025-10-30",
      "title": "Shouwa Genroku Rakugo Shinjuu",
      "views": 16786,
      "revenue": 4935
    },
    {
      "date": "2025-10-30",
      "title": "Nurarihyon no Mago",
      "views": 9564,
      "revenue": 7917
    },
    {
      "date": "2025-10-30",
      "title": "Ranma ½",
      "views": 9880,
      "revenue": 16860
    },
    {
      "date": "2025-10-31",
      "title": "Kono Subarashii Sekai ni Shukufuku wo!",
      "views": 111233,
      "revenue": 16416
    },
    {
      "date": "2025-10-31",
      "title": "Kono Subarashii Sekai ni Shukufuku wo! 2",
      "views": 105003,
      "revenue": 16184
    },
    {
      "date": "2025-10-31",
      "title": "Fate/stay night",
      "views": 36220,
      "revenue": 21038
    },
    {
      "date": "2025-10-31",
      "title": "Higurashi no Naku Koro ni",
      "views": 22614,
      "revenue": 15815
    },
    {
      "date": "2025-10-31",
      "title": "Sakamoto desu ga?",
      "views": 25697,
      "revenue": 7998
    },
    {
      "date": "2025-10-31",
      "title": "Nanatsu no Taizai: Kamigami no Gekirin",
      "views": 19981,
      "revenue": 16144
    },
    {
      "date": "2025-10-31",
      "title": "Sankarea",
      "views": 23939,
      "revenue": 7510
    },
    {
      "date": "2025-10-31",
      "title": "Kore wa Zombie desu ka?",
      "views": 17507,
      "revenue": 5539
    },
    {
      "date": "2025-10-31",
      "title": "Log Horizon 2nd Season",
      "views": 19539,
      "revenue": 13323
    },
    {
      "date": "2025-10-31",
      "title": "Vampire Knight",
      "views": 14431,
      "revenue": 6981
    },
    {
      "date": "2025-10-31",
      "title": "Fruits Basket",
      "views": 15544,
      "revenue": 11573
    },
    {
      "date": "2025-10-31",
      "title": "Rurouni Kenshin: Meiji Kenkaku Romantan",
      "views": 31498,
      "revenue": 28518
    },
    {
      "date": "2025-10-31",
      "title": "Higurashi no Naku Koro ni Kai",
      "views": 30949,
      "revenue": 13840
    },
    {
      "date": "2025-10-31",
      "title": "Nanatsu no Taizai: Funnu no Shinpan",
      "views": 12463,
      "revenue": 11499
    },
    {
      "date": "2025-10-31",
      "title": "Kore wa Zombie desu ka? of the Dead",
      "views": 15141,
      "revenue": 4638
    },
    {
      "date": "2025-10-31",
      "title": "Vampire Knight Guilty",
      "views": 10885,
      "revenue": 4130
    },
    {
      "date": "2025-10-31",
      "title": "Jigoku Shoujo",
      "views": 11185,
      "revenue": 9145
    },
    {
      "date": "2025-10-31",
      "title": "Shouwa Genroku Rakugo Shinjuu",
      "views": 15441,
      "revenue": 4540
    },
    {
      "date": "2025-10-31",
      "title": "Nurarihyon no Mago",
      "views": 11331,
      "revenue": 9380
    },
    {
      "date": "2025-10-31",
      "title": "Ranma ½",
      "views": 11137,
      "revenue": 19006
    },
    {
      "date": "2025-11-01",
      "title": "Kono Subarashii Sekai ni Shukufuku wo!",
      "views": 133761,
      "revenue": 19741
    },
    {
      "date": "2025-11-01",
      "title": "Kono Subarashii Sekai ni Shukufuku wo! 2",
      "views": 96831,
      "revenue": 14925
    },
    {
      "date": "2025-11-01",
      "title": "Fate/stay night",
      "views": 35677,
      "revenue": 20722
    },
    {
      "date": "2025-11-01",
      "title": "Higurashi no Naku Koro ni",
      "views": 30327,
      "revenue": 21209
    },
    {
      "date": "2025-11-01",
      "title": "Sakamoto desu ga?",
      "views": 30648,
      "revenue": 9539
    },
    {
      "date": "2025-11-01",
      "title": "Nanatsu no Taizai: Kamigami no Gekirin",
      "views": 14743,
      "revenue": 11911
    },
    {
      "date": "2025-11-01",
      "title": "Sankarea",
      "views": 19962,
      "revenue": 6262
    },
    {
      "date": "2025-11-01",
      "title": "Kore wa Zombie desu ka?",
      "views": 21200,
      "revenue": 6707
    },
    {
      "date": "2025-11-01",
      "title": "Log Horizon 2nd Season",
      "views": 23019,
      "revenue": 15695
    },
    {
      "date": "2025-11-01",
      "title": "Vampire Knight",
      "views": 11595,
      "revenue": 5609
    },
    {
      "date": "2025-11-01",
      "title": "Fruits Basket",
      "views": 15591,
      "revenue": 11608
    },
    {
      "date": "2025-11-01",
      "title": "Rurouni Kenshin: Meiji Kenkaku Romantan",
      "views": 30031,
      "revenue": 27189
    },
    {
      "date": "2025-11-01",
      "title": "Higurashi no Naku Koro ni Kai",
      "views": 28281,
      "revenue": 12646
    },
    {
      "date": "2025-11-01",
      "title": "Nanatsu no Taizai: Funnu no Shinpan",
      "views": 12209,
      "revenue": 11264
    },
    {
      "date": "2025-11-01",
      "title": "Kore wa Zombie desu ka? of the Dead",
      "views": 13133,
      "revenue": 4023
    },
    {
      "date": "2025-11-01",
      "title": "Vampire Knight Guilty",
      "views": 12780,
      "revenue": 4849
    },
    {
      "date": "2025-11-01",
      "title": "Jigoku Shoujo",
      "views": 14788,
      "revenue": 12091
    },
    {
      "date": "2025-11-01",
      "title": "Shouwa Genroku Rakugo Shinjuu",
      "views": 17826,
      "revenue": 5241
    },
    {
      "date": "2025-11-01",
      "title": "Nurarihyon no Mago",
      "views": 10455,
      "revenue": 8655
    },
    {
      "date": "2025-11-01",
      "title": "Ranma ½",
      "views": 10215,
      "revenue": 17432
    },
    {
      "date": "2025-11-02",
      "title": "Kono Subarashii Sekai ni Shukufuku wo!",
      "views": 107859,
      "revenue": 15918
    },
    {
      "date": "2025-11-02",
      "title": "Kono Subarashii Sekai ni Shukufuku wo! 2",
      "views": 99133,
      "revenue": 15279
    },
    {
      "date": "2025-11-02",
      "title": "Fate/stay night",
      "views": 29070,
      "revenue": 16885
    },
    {
      "date": "2025-11-02",
      "title": "Higurashi no Naku Koro ni",
      "views": 27593,
      "revenue": 19297
    },
    {
      "date": "2025-11-02",
      "title": "Sakamoto desu ga?",
      "views": 29343,
      "revenue": 9133
    },
    {
      "date": "2025-11-02",
      "title": "Nanatsu no Taizai: Kamigami no Gekirin",
      "views": 17112,
      "revenue": 13826
    },
    {
      "date": "2025-11-02",
      "title": "Sankarea",
      "views": 25883,
      "revenue": 8120
    },
    {
      "date": "2025-11-02",
      "title": "Kore wa Zombie desu ka?",
      "views": 21520,
      "revenue": 6808
    },
    {
      "date": "2025-11-02",
      "title": "Log Horizon 2nd Season",
      "views": 21947,
      "revenue": 14964
    },
    {
      "date": "2025-11-02",
      "title": "Vampire Knight",
      "views": 16422,
      "revenue": 7944
    },
    {
      "date": "2025-11-02",
      "title": "Fruits Basket",
      "views": 17894,
      "revenue": 13323
    },
    {
      "date": "2025-11-02",
      "title": "Rurouni Kenshin: Meiji Kenkaku Romantan",
      "views": 30480,
      "revenue": 27596
    },
    {
      "date": "2025-11-02",
      "title": "Higurashi no Naku Koro ni Kai",
      "views": 24213,
      "revenue": 10827
    },
    {
      "date": "2025-11-02",
      "title": "Nanatsu no Taizai: Funnu no Shinpan",
      "views": 8660,
      "revenue": 7989
    },
    {
      "date": "2025-11-02",
      "title": "Kore wa Zombie desu ka? of the Dead",
      "views": 11046,
      "revenue": 3383
    },
    {
      "date": "2025-11-02",
      "title": "Vampire Knight Guilty",
      "views": 13335,
      "revenue": 5060
    },
    {
      "date": "2025-11-02",
      "title": "Jigoku Shoujo",
      "views": 11344,
      "revenue": 9275
    },
    {
      "date": "2025-11-02",
      "title": "Shouwa Genroku Rakugo Shinjuu",
      "views": 17001,
      "revenue": 4998
    },
    {
      "date": "2025-11-02",
      "title": "Nurarihyon no Mago",
      "views": 11093,
      "revenue": 9183
    },
    {
      "date": "2025-11-02",
      "title": "Ranma ½",
      "views": 10338,
      "revenue": 17642
    },
    {
      "date": "2025-11-03",
      "title": "Kono Subarashii Sekai ni Shukufuku wo!",
      "views": 115640,
      "revenue": 17066
    },
    {
      "date": "2025-11-03",
      "title": "Kono Subarashii Sekai ni Shukufuku wo! 2",
      "views": 93263,
      "revenue": 14375
    },
    {
      "date": "2025-11-03",
      "title": "Fate/stay night",
      "views": 32393,
      "revenue": 18815
    },
    {
      "date": "2025-11-03",
      "title": "Higurashi no Naku Koro ni",
      "views": 27102,
      "revenue": 18954
    },
    {
      "date": "2025-11-03",
      "title": "Sakamoto desu ga?",
      "views": 31233,
      "revenue": 9721
    },
    {
      "date": "2025-11-03",
      "title": "Nanatsu no Taizai: Kamigami no Gekirin",
      "views": 17382,
      "revenue": 14043
    },
    {
      "date": "2025-11-03",
      "title": "Sankarea",
      "views": 20559,
      "revenue": 6450
    },
    {
      "date": "2025-11-03",
      "title": "Kore wa Zombie desu ka?",
      "views": 25567,
      "revenue": 8088
    },
    {
      "date": "2025-11-03",
      "title": "Log Horizon 2nd Season",
      "views": 25070,
      "revenue": 17094
    },
    {
      "date": "2025-11-03",
      "title": "Vampire Knight",
      "views": 15949,
      "revenue": 7715
    },
    {
      "date": "2025-11-03",
      "title": "Fruits Basket",
      "views": 19810,
      "revenue": 14749
    },
    {
      "date": "2025-11-03",
      "title": "Rurouni Kenshin: Meiji Kenkaku Romantan",
      "views": 24420,
      "revenue": 22110
    },
    {
      "date": "2025-11-03",
      "title": "Higurashi no Naku Koro ni Kai",
      "views": 26738,
      "revenue": 11956
    },
    {
      "date": "2025-11-03",
      "title": "Nanatsu no Taizai: Funnu no Shinpan",
      "views": 9897,
      "revenue": 9131
    },
    {
      "date": "2025-11-03",
      "title": "Kore wa Zombie desu ka? of the Dead",
      "views": 10718,
      "revenue": 3283
    },
    {
      "date": "2025-11-03",
      "title": "Vampire Knight Guilty",
      "views": 13532,
      "revenue": 5134
    },
    {
      "date": "2025-11-03",
      "title": "Jigoku Shoujo",
      "views": 11123,
      "revenue": 9095
    },
    {
      "date": "2025-11-03",
      "title": "Shouwa Genroku Rakugo Shinjuu",
      "views": 17809,
      "revenue": 5236
    },
    {
      "date": "2025-11-03",
      "title": "Nurarihyon no Mago",
      "views": 8242,
      "revenue": 6823
    },
    {
      "date": "2025-11-03",
      "title": "Ranma ½",
      "views": 10774,
      "revenue": 18386
    },
    {
      "date": "2025-11-04",
      "title": "Kono Subarashii Sekai ni Shukufuku wo!",
      "views": 102251,
      "revenue": 15090
    },
    {
      "date": "2025-11-04",
      "title": "Kono Subarashii Sekai ni Shukufuku wo! 2",
      "views": 94565,
      "revenue": 14575
    },
    {
      "date": "2025-11-04",
      "title": "Fate/stay night",
      "views": 36217,
      "revenue": 21036
    },
    {
      "date": "2025-11-04",
      "title": "Higurashi no Naku Koro ni",
      "views": 25801,
      "revenue": 18044
    },
    {
      "date": "2025-11-04",
      "title": "Sakamoto desu ga?",
      "views": 32143,
      "revenue": 10004
    },
    {
      "date": "2025-11-04",
      "title": "Nanatsu no Taizai: Kamigami no Gekirin",
      "views": 18286,
      "revenue": 14774
    },
    {
      "date": "2025-11-04",
      "title": "Sankarea",
      "views": 19469,
      "revenue": 6108
    },
    {
      "date": "2025-11-04",
      "title": "Kore wa Zombie desu ka?",
      "views": 23044,
      "revenue": 7290
    },
    {
      "date": "2025-11-04",
      "title": "Log Horizon 2nd Season",
      "views": 17653,
      "revenue": 12037
    },
    {
      "date": "2025-11-04",
      "title": "Vampire Knight",
      "views": 13113,
      "revenue": 6343
    },
    {
      "date": "2025-11-04",
      "title": "Fruits Basket",
      "views": 21297,
      "revenue": 15856
    },
    {
      "date": "2025-11-04",
      "title": "Rurouni Kenshin: Meiji Kenkaku Romantan",
      "views": 26570,
      "revenue": 24056
    },
    {
      "date": "2025-11-04",
      "title": "Higurashi no Naku Koro ni Kai",
      "views": 29335,
      "revenue": 13118
    },
    {
      "date": "2025-11-04",
      "title": "Nanatsu no Taizai: Funnu no Shinpan",
      "views": 11443,
      "revenue": 10557
    },
    {
      "date": "2025-11-04",
      "title": "Kore wa Zombie desu ka? of the Dead",
      "views": 15426,
      "revenue": 4725
    },
    {
      "date": "2025-11-04",
      "title": "Vampire Knight Guilty",
      "views": 14531,
      "revenue": 5513
    },
    {
      "date": "2025-11-04",
      "title": "Jigoku Shoujo",
      "views": 14233,
      "revenue": 11638
    },
    {
      "date": "2025-11-04",
      "title": "Shouwa Genroku Rakugo Shinjuu",
      "views": 16733,
      "revenue": 4920
    },
    {
      "date": "2025-11-04",
      "title": "Nurarihyon no Mago",
      "views": 9879,
      "revenue": 8178
    },
    {
      "date": "2025-11-04",
      "title": "Ranma ½",
      "views": 9368,
      "revenue": 15986
    },
    {
      "date": "2025-11-05",
      "title": "Kono Subarashii Sekai ni Shukufuku wo!",
      "views": 137118,
      "revenue": 20236
    },
    {
      "date": "2025-11-05",
      "title": "Kono Subarashii Sekai ni Shukufuku wo! 2",
      "views": 85488,
      "revenue": 13176
    },
    {
      "date": "2025-11-05",
      "title": "Fate/stay night",
      "views": 31641,
      "revenue": 18378
    },
    {
      "date": "2025-11-05",
      "title": "Higurashi no Naku Koro ni",
      "views": 31671,
      "revenue": 22149
    },
    {
      "date": "2025-11-05",
      "title": "Sakamoto desu ga?",
      "views": 24555,
      "revenue": 7643
    },
    {
      "date": "2025-11-05",
      "title": "Nanatsu no Taizai: Kamigami no Gekirin",
      "views": 18183,
      "revenue": 14691
    },
    {
      "date": "2025-11-05",
      "title": "Sankarea",
      "views": 22734,
      "revenue": 7132
    },
    {
      "date": "2025-11-05",
      "title": "Kore wa Zombie desu ka?",
      "views": 19005,
      "revenue": 6012
    },
    {
      "date": "2025-11-05",
      "title": "Log Horizon 2nd Season",
      "views": 21049,
      "revenue": 14352
    },
    {
      "date": "2025-11-05",
      "title": "Vampire Knight",
      "views": 14318,
      "revenue": 6926
    },
    {
      "date": "2025-11-05",
      "title": "Fruits Basket",
      "views": 21756,
      "revenue": 16198
    },
    {
      "date": "2025-11-05",
      "title": "Rurouni Kenshin: Meiji Kenkaku Romantan",
      "views": 29026,
      "revenue": 26280
    },
    {
      "date": "2025-11-05",
      "title": "Higurashi no Naku Koro ni Kai",
      "views": 29853,
      "revenue": 13350
    },
    {
      "date": "2025-11-05",
      "title": "Nanatsu no Taizai: Funnu no Shinpan",
      "views": 12388,
      "revenue": 11429
    },
    {
      "date": "2025-11-05",
      "title": "Kore wa Zombie desu ka? of the Dead",
      "views": 11254,
      "revenue": 3447
    },
    {
      "date": "2025-11-05",
      "title": "Vampire Knight Guilty",
      "views": 10323,
      "revenue": 3917
    },
    {
      "date": "2025-11-05",
      "title": "Jigoku Shoujo",
      "views": 14596,
      "revenue": 11934
    },
    {
      "date": "2025-11-05",
      "title": "Shouwa Genroku Rakugo Shinjuu",
      "views": 17423,
      "revenue": 5122
    },
    {
      "date": "2025-11-05",
      "title": "Nurarihyon no Mago",
      "views": 10810,
      "revenue": 8949
    },
    {
      "date": "2025-11-05",
      "title": "Ranma ½",
      "views": 9908,
      "revenue": 16908
    },
    {
      "date": "2025-11-06",
      "title": "Kono Subarashii Sekai ni Shukufuku wo!",
      "views": 117346,
      "revenue": 17318
    },
    {
      "date": "2025-11-06",
      "title": "Kono Subarashii Sekai ni Shukufuku wo! 2",
      "views": 72816,
      "revenue": 11223
    },
    {
      "date": "2025-11-06",
      "title": "Fate/stay night",
      "views": 32522,
      "revenue": 18889
    },
    {
      "date": "2025-11-06",
      "title": "Higurashi no Naku Koro ni",
      "views": 30470,
      "revenue": 21309
    },
    {
      "date": "2025-11-06",
      "title": "Sakamoto desu ga?",
      "views": 25466,
      "revenue": 7926
    },
    {
      "date": "2025-11-06",
      "title": "Nanatsu no Taizai: Kamigami no Gekirin",
      "views": 17886,
      "revenue": 14451
    },
    {
      "date": "2025-11-06",
      "title": "Sankarea",
      "views": 21331,
      "revenue": 6692
    },
    {
      "date": "2025-11-06",
      "title": "Kore wa Zombie desu ka?",
      "views": 23727,
      "revenue": 7506
    },
    {
      "date": "2025-11-06",
      "title": "Log Horizon 2nd Season",
      "views": 24638,
      "revenue": 16799
    },
    {
      "date": "2025-11-06",
      "title": "Vampire Knight",
      "views": 13598,
      "revenue": 6578
    },
    {
      "date": "2025-11-06",
      "title": "Fruits Basket",
      "views": 21130,
      "revenue": 15732
    },
    {
      "date": "2025-11-06",
      "title": "Rurouni Kenshin: Meiji Kenkaku Romantan",
      "views": 33736,
      "revenue": 30544
    },
    {
      "date": "2025-11-06",
      "title": "Higurashi no Naku Koro ni Kai",
      "views": 27963,
      "revenue": 12504
    },
    {
      "date": "2025-11-06",
      "title": "Nanatsu no Taizai: Funnu no Shinpan",
      "views": 10783,
      "revenue": 9948
    },
    {
      "date": "2025-11-06",
      "title": "Kore wa Zombie desu ka? of the Dead",
      "views": 12833,
      "revenue": 3931
    },
    {
      "date": "2025-11-06",
      "title": "Vampire Knight Guilty",
      "views": 11816,
      "revenue": 4483
    },
    {
      "date": "2025-11-06",
      "title": "Jigoku Shoujo",
      "views": 13648,
      "revenue": 11159
    },
    {
      "date": "2025-11-06",
      "title": "Shouwa Genroku Rakugo Shinjuu",
      "views": 18608,
      "revenue": 5471
    },
    {
      "date": "2025-11-06",
      "title": "Nurarihyon no Mago",
      "views": 9493,
      "revenue": 7858
    },
    {
      "date": "2025-11-06",
      "title": "Ranma ½",
      "views": 8353,
      "revenue": 14255
    },
    {
      "date": "2025-11-07",
      "title": "Kono Subarashii Sekai ni Shukufuku wo!",
      "views": 107424,
      "revenue": 15854
    },
    {
      "date": "2025-11-07",
      "title": "Kono Subarashii Sekai ni Shukufuku wo! 2",
      "views": 80801,
      "revenue": 12454
    },
    {
      "date": "2025-11-07",
      "title": "Fate/stay night",
      "views": 38103,
      "revenue": 22131
    },
    {
      "date": "2025-11-07",
      "title": "Higurashi no Naku Koro ni",
      "views": 31096,
      "revenue": 21747
    },
    {
      "date": "2025-11-07",
      "title": "Sakamoto desu ga?",
      "views": 31835,
      "revenue": 9908
    },
    {
      "date": "2025-11-07",
      "title": "Nanatsu no Taizai: Kamigami no Gekirin",
      "views": 18187,
      "revenue": 14694
    },
    {
      "date": "2025-11-07",
      "title": "Sankarea",
      "views": 24677,
      "revenue": 7742
    },
    {
      "date": "2025-11-07",
      "title": "Kore wa Zombie desu ka?",
      "views": 21414,
      "revenue": 6774
    },
    {
      "date": "2025-11-07",
      "title": "Log Horizon 2nd Season",
      "views": 17140,
      "revenue": 11687
    },
    {
      "date": "2025-11-07",
      "title": "Vampire Knight",
      "views": 11273,
      "revenue": 5453
    },
    {
      "date": "2025-11-07",
      "title": "Fruits Basket",
      "views": 21143,
      "revenue": 15742
    },
    {
      "date": "2025-11-07",
      "title": "Rurouni Kenshin: Meiji Kenkaku Romantan",
      "views": 24427,
      "revenue": 22116
    },
    {
      "date": "2025-11-07",
      "title": "Higurashi no Naku Koro ni Kai",
      "views": 32772,
      "revenue": 14655
    },
    {
      "date": "2025-11-07",
      "title": "Nanatsu no Taizai: Funnu no Shinpan",
      "views": 9065,
      "revenue": 8363
    },
    {
      "date": "2025-11-07",
      "title": "Kore wa Zombie desu ka? of the Dead",
      "views": 13645,
      "revenue": 4179
    },
    {
      "date": "2025-11-07",
      "title": "Vampire Knight Guilty",
      "views": 14709,
      "revenue": 5581
    },
    {
      "date": "2025-11-07",
      "title": "Jigoku Shoujo",
      "views": 11854,
      "revenue": 9693
    },
    {
      "date": "2025-11-07",
      "title": "Shouwa Genroku Rakugo Shinjuu",
      "views": 15930,
      "revenue": 4683
    },
    {
      "date": "2025-11-07",
      "title": "Nurarihyon no Mago",
      "views": 9397,
      "revenue": 7779
    },
    {
      "date": "2025-11-07",
      "title": "Ranma ½",
      "views": 9788,
      "revenue": 16704
    },
    {
      "date": "2025-11-08",
      "title": "Kono Subarashii Sekai ni Shukufuku wo!",
      "views": 130606,
      "revenue": 19275
    },
    {
      "date": "2025-11-08",
      "title": "Kono Subarashii Sekai ni Shukufuku wo! 2",
      "views": 108049,
      "revenue": 16653
    },
    {
      "date": "2025-11-08",
      "title": "Fate/stay night",
      "views": 37747,
      "revenue": 21925
    },
    {
      "date": "2025-11-08",
      "title": "Higurashi no Naku Koro ni",
      "views": 29008,
      "revenue": 20287
    },
    {
      "date": "2025-11-08",
      "title": "Sakamoto desu ga?",
      "views": 28511,
      "revenue": 8874
    },
    {
      "date": "2025-11-08",
      "title": "Nanatsu no Taizai: Kamigami no Gekirin",
      "views": 17647,
      "revenue": 14257
    },
    {
      "date": "2025-11-08",
      "title": "Sankarea",
      "views": 17830,
      "revenue": 5594
    },
    {
      "date": "2025-11-08",
      "title": "Kore wa Zombie desu ka?",
      "views": 20318,
      "revenue": 6428
    },
    {
      "date": "2025-11-08",
      "title": "Log Horizon 2nd Season",
      "views": 19910,
      "revenue": 13575
    },
    {
      "date": "2025-11-08",
      "title": "Vampire Knight",
      "views": 12146,
      "revenue": 5876
    },
    {
      "date": "2025-11-08",
      "title": "Fruits Basket",
      "views": 18327,
      "revenue": 13645
    },
    {
      "date": "2025-11-08",
      "title": "Rurouni Kenshin: Meiji Kenkaku Romantan",
      "views": 24654,
      "revenue": 22322
    },
    {
      "date": "2025-11-08",
      "title": "Higurashi no Naku Koro ni Kai",
      "views": 28467,
      "revenue": 12730
    },
    {
      "date": "2025-11-08",
      "title": "Nanatsu no Taizai: Funnu no Shinpan",
      "views": 12094,
      "revenue": 11158
    },
    {
      "date": "2025-11-08",
      "title": "Kore wa Zombie desu ka? of the Dead",
      "views": 12367,
      "revenue": 3788
    },
    {
      "date": "2025-11-08",
      "title": "Vampire Knight Guilty",
      "views": 10885,
      "revenue": 4130
    },
    {
      "date": "2025-11-08",
      "title": "Jigoku Shoujo",
      "views": 10188,
      "revenue": 8330
    },
    {
      "date": "2025-11-08",
      "title": "Shouwa Genroku Rakugo Shinjuu",
      "views": 14372,
      "revenue": 4225
    },
    {
      "date": "2025-11-08",
      "title": "Nurarihyon no Mago",
      "views": 9095,
      "revenue": 7529
    },
    {
      "date": "2025-11-08",
      "title": "Ranma ½",
      "views": 8022,
      "revenue": 13689
    },
    {
      "date": "2025-11-09",
      "title": "Kono Subarashii Sekai ni Shukufuku wo!",
      "views": 110332,
      "revenue": 16283
    },
    {
      "date": "2025-11-09",
      "title": "Kono Subarashii Sekai ni Shukufuku wo! 2",
      "views": 97983,
      "revenue": 15102
    },
    {
      "date": "2025-11-09",
      "title": "Fate/stay night",
      "views": 36336,
      "revenue": 21105
    },
    {
      "date": "2025-11-09",
      "title": "Higurashi no Naku Koro ni",
      "views": 27820,
      "revenue": 19456
    },
    {
      "date": "2025-11-09",
      "title": "Sakamoto desu ga?",
      "views": 24559,
      "revenue": 7644
    },
    {
      "date": "2025-11-09",
      "title": "Nanatsu no Taizai: Kamigami no Gekirin",
      "views": 19437,
      "revenue": 15704
    },
    {
      "date": "2025-11-09",
      "title": "Sankarea",
      "views": 21097,
      "revenue": 6619
    },
    {
      "date": "2025-11-09",
      "title": "Kore wa Zombie desu ka?",
      "views": 25527,
      "revenue": 8076
    },
    {
      "date": "2025-11-09",
      "title": "Log Horizon 2nd Season",
      "views": 23287,
      "revenue": 15878
    },
    {
      "date": "2025-11-09",
      "title": "Vampire Knight",
      "views": 16190,
      "revenue": 7832
    },
    {
      "date": "2025-11-09",
      "title": "Fruits Basket",
      "views": 17698,
      "revenue": 13177
    },
    {
      "date": "2025-11-09",
      "title": "Rurouni Kenshin: Meiji Kenkaku Romantan",
      "views": 29427,
      "revenue": 26642
    },
    {
      "date": "2025-11-09",
      "title": "Higurashi no Naku Koro ni Kai",
      "views": 24384,
      "revenue": 10904
    },
    {
      "date": "2025-11-09",
      "title": "Nanatsu no Taizai: Funnu no Shinpan",
      "views": 11084,
      "revenue": 10226
    },
    {
      "date": "2025-11-09",
      "title": "Kore wa Zombie desu ka? of the Dead",
      "views": 13740,
      "revenue": 4209
    },
    {
      "date": "2025-11-09",
      "title": "Vampire Knight Guilty",
      "views": 10257,
      "revenue": 3892
    },
    {
      "date": "2025-11-09",
      "title": "Jigoku Shoujo",
      "views": 10264,
      "revenue": 8392
    },
    {
      "date": "2025-11-09",
      "title": "Shouwa Genroku Rakugo Shinjuu",
      "views": 19171,
      "revenue": 5636
    },
    {
      "date": "2025-11-09",
      "title": "Nurarihyon no Mago",
      "views": 10879,
      "revenue": 9006
    },
    {
      "date": "2025-11-09",
      "title": "Ranma ½",
      "views": 10894,
      "revenue": 18591
    },
    {
      "date": "2025-11-10",
      "title": "Kono Subarashii Sekai ni Shukufuku wo!",
      "views": 130637,
      "revenue": 19279
    },
    {
      "date": "2025-11-10",
      "title": "Kono Subarashii Sekai ni Shukufuku wo! 2",
      "views": 102531,
      "revenue": 15803
    },
    {
      "date": "2025-11-10",
      "title": "Fate/stay night",
      "views": 38629,
      "revenue": 22437
    },
    {
      "date": "2025-11-10",
      "title": "Higurashi no Naku Koro ni",
      "views": 23418,
      "revenue": 16377
    },
    {
      "date": "2025-11-10",
      "title": "Sakamoto desu ga?",
      "views": 23437,
      "revenue": 7295
    },
    {
      "date": "2025-11-10",
      "title": "Nanatsu no Taizai: Kamigami no Gekirin",
      "views": 16748,
      "revenue": 13531
    },
    {
      "date": "2025-11-10",
      "title": "Sankarea",
      "views": 22373,
      "revenue": 7019
    },
    {
      "date": "2025-11-10",
      "title": "Kore wa Zombie desu ka?",
      "views": 17660,
      "revenue": 5587
    },
    {
      "date": "2025-11-10",
      "title": "Log Horizon 2nd Season",
      "views": 24909,
      "revenue": 16984
    },
    {
      "date": "2025-11-10",
      "title": "Vampire Knight",
      "views": 11595,
      "revenue": 5609
    },
    {
      "date": "2025-11-10",
      "title": "Fruits Basket",
      "views": 17672,
      "revenue": 13157
    },
    {
      "date": "2025-11-10",
      "title": "Rurouni Kenshin: Meiji Kenkaku Romantan",
      "views": 34055,
      "revenue": 30833
    },
    {
      "date": "2025-11-10",
      "title": "Higurashi no Naku Koro ni Kai",
      "views": 23419,
      "revenue": 10472
    },
    {
      "date": "2025-11-10",
      "title": "Nanatsu no Taizai: Funnu no Shinpan",
      "views": 8927,
      "revenue": 8236
    },
    {
      "date": "2025-11-10",
      "title": "Kore wa Zombie desu ka? of the Dead",
      "views": 11382,
      "revenue": 3486
    },
    {
      "date": "2025-11-10",
      "title": "Vampire Knight Guilty",
      "views": 13075,
      "revenue": 4961
    },
    {
      "date": "2025-11-10",
      "title": "Jigoku Shoujo",
      "views": 10502,
      "revenue": 8587
    },
    {
      "date": "2025-11-10",
      "title": "Shouwa Genroku Rakugo Shinjuu",
      "views": 17619,
      "revenue": 5180
    },
    {
      "date": "2025-11-10",
      "title": "Nurarihyon no Mago",
      "views": 10742,
      "revenue": 8892
    },
    {
      "date": "2025-11-10",
      "title": "Ranma ½",
      "views": 10793,
      "revenue": 18419
    },
    {
      "date": "2025-11-11",
      "title": "Kono Subarashii Sekai ni Shukufuku wo!",
      "views": 99083,
      "revenue": 14623
    },
    {
      "date": "2025-11-11",
      "title": "Kono Subarashii Sekai ni Shukufuku wo! 2",
      "views": 80953,
      "revenue": 12477
    },
    {
      "date": "2025-11-11",
      "title": "Fate/stay night",
      "views": 31189,
      "revenue": 18116
    },
    {
      "date": "2025-11-11",
      "title": "Higurashi no Naku Koro ni",
      "views": 27849,
      "revenue": 19476
    },
    {
      "date": "2025-11-11",
      "title": "Sakamoto desu ga?",
      "views": 25845,
      "revenue": 8044
    },
    {
      "date": "2025-11-11",
      "title": "Nanatsu no Taizai: Kamigami no Gekirin",
      "views": 14702,
      "revenue": 11878
    },
    {
      "date": "2025-11-11",
      "title": "Sankarea",
      "views": 25013,
      "revenue": 7847
    },
    {
      "date": "2025-11-11",
      "title": "Kore wa Zombie desu ka?",
      "views": 21887,
      "revenue": 6924
    },
    {
      "date": "2025-11-11",
      "title": "Log Horizon 2nd Season",
      "views": 22281,
      "revenue": 15192
    },
    {
      "date": "2025-11-11",
      "title": "Vampire Knight",
      "views": 13821,
      "revenue": 6686
    },
    {
      "date": "2025-11-11",
      "title": "Fruits Basket",
      "views": 17042,
      "revenue": 12688
    },
    {
      "date": "2025-11-11",
      "title": "Rurouni Kenshin: Meiji Kenkaku Romantan",
      "views": 30202,
      "revenue": 27344
    },
    {
      "date": "2025-11-11",
      "title": "Higurashi no Naku Koro ni Kai",
      "views": 32505,
      "revenue": 14535
    },
    {
      "date": "2025-11-11",
      "title": "Nanatsu no Taizai: Funnu no Shinpan",
      "views": 10470,
      "revenue": 9659
    },
    {
      "date": "2025-11-11",
      "title": "Kore wa Zombie desu ka? of the Dead",
      "views": 11855,
      "revenue": 3631
    },
    {
      "date": "2025-11-11",
      "title": "Vampire Knight Guilty",
      "views": 13353,
      "revenue": 5067
    },
    {
      "date": "2025-11-11",
      "title": "Jigoku Shoujo",
      "views": 14493,
      "revenue": 11850
    },
    {
      "date": "2025-11-11",
      "title": "Shouwa Genroku Rakugo Shinjuu",
      "views": 20440,
      "revenue": 6009
    },
    {
      "date": "2025-11-11",
      "title": "Nurarihyon no Mago",
      "views": 7781,
      "revenue": 6441
    },
    {
      "date": "2025-11-11",
      "title": "Ranma ½",
      "views": 8743,
      "revenue": 14920
    },
    {
      "date": "2025-11-12",
      "title": "Kono Subarashii Sekai ni Shukufuku wo!",
      "views": 125927,
      "revenue": 18584
    },
    {
      "date": "2025-11-12",
      "title": "Kono Subarashii Sekai ni Shukufuku wo! 2",
      "views": 93498,
      "revenue": 14411
    },
    {
      "date": "2025-11-12",
      "title": "Fate/stay night",
      "views": 32943,
      "revenue": 19134
    },
    {
      "date": "2025-11-12",
      "title": "Higurashi no Naku Koro ni",
      "views": 32153,
      "revenue": 22486
    },
    {
      "date": "2025-11-12",
      "title": "Sakamoto desu ga?",
      "views": 28910,
      "revenue": 8998
    },
    {
      "date": "2025-11-12",
      "title": "Nanatsu no Taizai: Kamigami no Gekirin",
      "views": 13956,
      "revenue": 11276
    },
    {
      "date": "2025-11-12",
      "title": "Sankarea",
      "views": 23996,
      "revenue": 7528
    },
    {
      "date": "2025-11-12",
      "title": "Kore wa Zombie desu ka?",
      "views": 22143,
      "revenue": 7005
    },
    {
      "date": "2025-11-12",
      "title": "Log Horizon 2nd Season",
      "views": 21551,
      "revenue": 14694
    },
    {
      "date": "2025-11-12",
      "title": "Vampire Knight",
      "views": 15200,
      "revenue": 7353
    },
    {
      "date": "2025-11-12",
      "title": "Fruits Basket",
      "views": 17255,
      "revenue": 12847
    },
    {
      "date": "2025-11-12",
      "title": "Rurouni Kenshin: Meiji Kenkaku Romantan",
      "views": 33568,
      "revenue": 30392
    },
    {
      "date": "2025-11-12",
      "title": "Higurashi no Naku Koro ni Kai",
      "views": 30336,
      "revenue": 13566
    },
    {
      "date": "2025-11-12",
      "title": "Nanatsu no Taizai: Funnu no Shinpan",
      "views": 9795,
      "revenue": 9036
    },
    {
      "date": "2025-11-12",
      "title": "Kore wa Zombie desu ka? of the Dead",
      "views": 12797,
      "revenue": 3920
    },
    {
      "date": "2025-11-12",
      "title": "Vampire Knight Guilty",
      "views": 12098,
      "revenue": 4590
    },
    {
      "date": "2025-11-12",
      "title": "Jigoku Shoujo",
      "views": 14025,
      "revenue": 11468
    },
    {
      "date": "2025-11-12",
      "title": "Shouwa Genroku Rakugo Shinjuu",
      "views": 15862,
      "revenue": 4663
    },
    {
      "date": "2025-11-12",
      "title": "Nurarihyon no Mago",
      "views": 7703,
      "revenue": 6377
    },
    {
      "date": "2025-11-12",
      "title": "Ranma ½",
      "views": 8927,
      "revenue": 15234
    },
    {
      "date": "2025-11-13",
      "title": "Kono Subarashii Sekai ni Shukufuku wo!",
      "views": 112167,
      "revenue": 16554
    },
    {
      "date": "2025-11-13",
      "title": "Kono Subarashii Sekai ni Shukufuku wo! 2",
      "views": 107852,
      "revenue": 16623
    },
    {
      "date": "2025-11-13",
      "title": "Fate/stay night",
      "views": 38577,
      "revenue": 22407
    },
    {
      "date": "2025-11-13",
      "title": "Higurashi no Naku Koro ni",
      "views": 29374,
      "revenue": 20543
    },
    {
      "date": "2025-11-13",
      "title": "Sakamoto desu ga?",
      "views": 30466,
      "revenue": 9482
    },
    {
      "date": "2025-11-13",
      "title": "Nanatsu no Taizai: Kamigami no Gekirin",
      "views": 19821,
      "revenue": 16014
    },
    {
      "date": "2025-11-13",
      "title": "Sankarea",
      "views": 23012,
      "revenue": 7219
    },
    {
      "date": "2025-11-13",
      "title": "Kore wa Zombie desu ka?",
      "views": 19865,
      "revenue": 6284
    },
    {
      "date": "2025-11-13",
      "title": "Log Horizon 2nd Season",
      "views": 19051,
      "revenue": 12990
    },
    {
      "date": "2025-11-13",
      "title": "Vampire Knight",
      "views": 15225,
      "revenue": 7365
    },
    {
      "date": "2025-11-13",
      "title": "Fruits Basket",
      "views": 18649,
      "revenue": 13885
    },
    {
      "date": "2025-11-13",
      "title": "Rurouni Kenshin: Meiji Kenkaku Romantan",
      "views": 24129,
      "revenue": 21846
    },
    {
      "date": "2025-11-13",
      "title": "Higurashi no Naku Koro ni Kai",
      "views": 33486,
      "revenue": 14974
    },
    {
      "date": "2025-11-13",
      "title": "Nanatsu no Taizai: Funnu no Shinpan",
      "views": 9330,
      "revenue": 8608
    },
    {
      "date": "2025-11-13",
      "title": "Kore wa Zombie desu ka? of the Dead",
      "views": 12296,
      "revenue": 3766
    },
    {
      "date": "2025-11-13",
      "title": "Vampire Knight Guilty",
      "views": 13272,
      "revenue": 5036
    },
    {
      "date": "2025-11-13",
      "title": "Jigoku Shoujo",
      "views": 11347,
      "revenue": 9278
    },
    {
      "date": "2025-11-13",
      "title": "Shouwa Genroku Rakugo Shinjuu",
      "views": 16542,
      "revenue": 4863
    },
    {
      "date": "2025-11-13",
      "title": "Nurarihyon no Mago",
      "views": 7916,
      "revenue": 6553
    },
    {
      "date": "2025-11-13",
      "title": "Ranma ½",
      "views": 9821,
      "revenue": 16760
    },
    {
      "date": "2025-11-14",
      "title": "Kono Subarashii Sekai ni Shukufuku wo!",
      "views": 126208,
      "revenue": 18626
    },
    {
      "date": "2025-11-14",
      "title": "Kono Subarashii Sekai ni Shukufuku wo! 2",
      "views": 105695,
      "revenue": 16291
    },
    {
      "date": "2025-11-14",
      "title": "Fate/stay night",
      "views": 26899,
      "revenue": 15624
    },
    {
      "date": "2025-11-14",
      "title": "Higurashi no Naku Koro ni",
      "views": 29775,
      "revenue": 20823
    },
    {
      "date": "2025-11-14",
      "title": "Sakamoto desu ga?",
      "views": 29623,
      "revenue": 9220
    },
    {
      "date": "2025-11-14",
      "title": "Nanatsu no Taizai: Kamigami no Gekirin",
      "views": 17504,
      "revenue": 14142
    },
    {
      "date": "2025-11-14",
      "title": "Sankarea",
      "views": 20563,
      "revenue": 6451
    },
    {
      "date": "2025-11-14",
      "title": "Kore wa Zombie desu ka?",
      "views": 21997,
      "revenue": 6959
    },
    {
      "date": "2025-11-14",
      "title": "Log Horizon 2nd Season",
      "views": 19500,
      "revenue": 13296
    },
    {
      "date": "2025-11-14",
      "title": "Vampire Knight",
      "views": 11659,
      "revenue": 5640
    },
    {
      "date": "2025-11-14",
      "title": "Fruits Basket",
      "views": 21076,
      "revenue": 15692
    },
    {
      "date": "2025-11-14",
      "title": "Rurouni Kenshin: Meiji Kenkaku Romantan",
      "views": 24874,
      "revenue": 22520
    },
    {
      "date": "2025-11-14",
      "title": "Higurashi no Naku Koro ni Kai",
      "views": 26172,
      "revenue": 11704
    },
    {
      "date": "2025-11-14",
      "title": "Nanatsu no Taizai: Funnu no Shinpan",
      "views": 10558,
      "revenue": 9740
    },
    {
      "date": "2025-11-14",
      "title": "Kore wa Zombie desu ka? of the Dead",
      "views": 12564,
      "revenue": 3848
    },
    {
      "date": "2025-11-14",
      "title": "Vampire Knight Guilty",
      "views": 12207,
      "revenue": 4632
    },
    {
      "date": "2025-11-14",
      "title": "Jigoku Shoujo",
      "views": 14288,
      "revenue": 11683
    },
    {
      "date": "2025-11-14",
      "title": "Shouwa Genroku Rakugo Shinjuu",
      "views": 16796,
      "revenue": 4938
    },
    {
      "date": "2025-11-14",
      "title": "Nurarihyon no Mago",
      "views": 7925,
      "revenue": 6560
    },
    {
      "date": "2025-11-14",
      "title": "Ranma ½",
      "views": 8858,
      "revenue": 15117
    },
    {
      "date": "2025-11-15",
      "title": "Kono Subarashii Sekai ni Shukufuku wo!",
      "views": 130266,
      "revenue": 19225
    },
    {
      "date": "2025-11-15",
      "title": "Kono Subarashii Sekai ni Shukufuku wo! 2",
      "views": 103281,
      "revenue": 15919
    },
    {
      "date": "2025-11-15",
      "title": "Fate/stay night",
      "views": 28311,
      "revenue": 16444
    },
    {
      "date": "2025-11-15",
      "title": "Higurashi no Naku Koro ni",
      "views": 30470,
      "revenue": 21309
    },
    {
      "date": "2025-11-15",
      "title": "Sakamoto desu ga?",
      "views": 28560,
      "revenue": 8889
    },
    {
      "date": "2025-11-15",
      "title": "Nanatsu no Taizai: Kamigami no Gekirin",
      "views": 16892,
      "revenue": 13648
    },
    {
      "date": "2025-11-15",
      "title": "Sankarea",
      "views": 23803,
      "revenue": 7467
    },
    {
      "date": "2025-11-15",
      "title": "Kore wa Zombie desu ka?",
      "views": 21790,
      "revenue": 6893
    },
    {
      "date": "2025-11-15",
      "title": "Log Horizon 2nd Season",
      "views": 19082,
      "revenue": 13011
    },
    {
      "date": "2025-11-15",
      "title": "Vampire Knight",
      "views": 11954,
      "revenue": 5783
    },
    {
      "date": "2025-11-15",
      "title": "Fruits Basket",
      "views": 20556,
      "revenue": 15305
    },
    {
      "date": "2025-11-15",
      "title": "Rurouni Kenshin: Meiji Kenkaku Romantan",
      "views": 24697,
      "revenue": 22360
    },
    {
      "date": "2025-11-15",
      "title": "Higurashi no Naku Koro ni Kai",
      "views": 24594,
      "revenue": 10998
    },
    {
      "date": "2025-11-15",
      "title": "Nanatsu no Taizai: Funnu no Shinpan",
      "views": 10328,
      "revenue": 9528
    },
    {
      "date": "2025-11-15",
      "title": "Kore wa Zombie desu ka? of the Dead",
      "views": 12718,
      "revenue": 3895
    },
    {
      "date": "2025-11-15",
      "title": "Vampire Knight Guilty",
      "views": 10633,
      "revenue": 4035
    },
    {
      "date": "2025-11-15",
      "title": "Jigoku Shoujo",
      "views": 12500,
      "revenue": 10221
    },
    {
      "date": "2025-11-15",
      "title": "Shouwa Genroku Rakugo Shinjuu",
      "views": 19249,
      "revenue": 5659
    },
    {
      "date": "2025-11-15",
      "title": "Nurarihyon no Mago",
      "views": 9036,
      "revenue": 7481
    },
    {
      "date": "2025-11-15",
      "title": "Ranma ½",
      "views": 9395,
      "revenue": 16033
    },
    {
      "date": "2025-11-16",
      "title": "Kono Subarashii Sekai ni Shukufuku wo!",
      "views": 130824,
      "revenue": 19307
    },
    {
      "date": "2025-11-16",
      "title": "Kono Subarashii Sekai ni Shukufuku wo! 2",
      "views": 97129,
      "revenue": 14970
    },
    {
      "date": "2025-11-16",
      "title": "Fate/stay night",
      "views": 34707,
      "revenue": 20159
    },
    {
      "date": "2025-11-16",
      "title": "Higurashi no Naku Koro ni",
      "views": 30212,
      "revenue": 21129
    },
    {
      "date": "2025-11-16",
      "title": "Sakamoto desu ga?",
      "views": 26911,
      "revenue": 8376
    },
    {
      "date": "2025-11-16",
      "title": "Nanatsu no Taizai: Kamigami no Gekirin",
      "views": 15322,
      "revenue": 12380
    },
    {
      "date": "2025-11-16",
      "title": "Sankarea",
      "views": 24970,
      "revenue": 7833
    },
    {
      "date": "2025-11-16",
      "title": "Kore wa Zombie desu ka?",
      "views": 19855,
      "revenue": 6281
    },
    {
      "date": "2025-11-16",
      "title": "Log Horizon 2nd Season",
      "views": 18380,
      "revenue": 12532
    },
    {
      "date": "2025-11-16",
      "title": "Vampire Knight",
      "views": 14377,
      "revenue": 6955
    },
    {
      "date": "2025-11-16",
      "title": "Fruits Basket",
      "views": 20965,
      "revenue": 15609
    },
    {
      "date": "2025-11-16",
      "title": "Rurouni Kenshin: Meiji Kenkaku Romantan",
      "views": 28034,
      "revenue": 25381
    },
    {
      "date": "2025-11-16",
      "title": "Higurashi no Naku Koro ni Kai",
      "views": 24948,
      "revenue": 11156
    },
    {
      "date": "2025-11-16",
      "title": "Nanatsu no Taizai: Funnu no Shinpan",
      "views": 10954,
      "revenue": 10106
    },
    {
      "date": "2025-11-16",
      "title": "Kore wa Zombie desu ka? of the Dead",
      "views": 10646,
      "revenue": 3261
    },
    {
      "date": "2025-11-16",
      "title": "Vampire Knight Guilty",
      "views": 13770,
      "revenue": 5225
    },
    {
      "date": "2025-11-16",
      "title": "Jigoku Shoujo",
      "views": 12578,
      "revenue": 10284
    },
    {
      "date": "2025-11-16",
      "title": "Shouwa Genroku Rakugo Shinjuu",
      "views": 19896,
      "revenue": 5849
    },
    {
      "date": "2025-11-16",
      "title": "Nurarihyon no Mago",
      "views": 8770,
      "revenue": 7260
    },
    {
      "date": "2025-11-16",
      "title": "Ranma ½",
      "views": 9996,
      "revenue": 17059
    },
    {
      "date": "2025-11-17",
      "title": "Kono Subarashii Sekai ni Shukufuku wo!",
      "views": 118739,
      "revenue": 17524
    },
    {
      "date": "2025-11-17",
      "title": "Kono Subarashii Sekai ni Shukufuku wo! 2",
      "views": 88402,
      "revenue": 13625
    },
    {
      "date": "2025-11-17",
      "title": "Fate/stay night",
      "views": 38424,
      "revenue": 22318
    },
    {
      "date": "2025-11-17",
      "title": "Higurashi no Naku Koro ni",
      "views": 23564,
      "revenue": 16479
    },
    {
      "date": "2025-11-17",
      "title": "Sakamoto desu ga?",
      "views": 22486,
      "revenue": 6999
    },
    {
      "date": "2025-11-17",
      "title": "Nanatsu no Taizai: Kamigami no Gekirin",
      "views": 16246,
      "revenue": 13125
    },
    {
      "date": "2025-11-17",
      "title": "Sankarea",
      "views": 19882,
      "revenue": 6237
    },
    {
      "date": "2025-11-17",
      "title": "Kore wa Zombie desu ka?",
      "views": 23974,
      "revenue": 7584
    },
    {
      "date": "2025-11-17",
      "title": "Log Horizon 2nd Season",
      "views": 17858,
      "revenue": 12176
    },
    {
      "date": "2025-11-17",
      "title": "Vampire Knight",
      "views": 12736,
      "revenue": 6161
    },
    {
      "date": "2025-11-17",
      "title": "Fruits Basket",
      "views": 20881,
      "revenue": 15547
    },
    {
      "date": "2025-11-17",
      "title": "Rurouni Kenshin: Meiji Kenkaku Romantan",
      "views": 27435,
      "revenue": 24840
    },
    {
      "date": "2025-11-17",
      "title": "Higurashi no Naku Koro ni Kai",
      "views": 30185,
      "revenue": 13498
    },
    {
      "date": "2025-11-17",
      "title": "Nanatsu no Taizai: Funnu no Shinpan",
      "views": 8370,
      "revenue": 7722
    },
    {
      "date": "2025-11-17",
      "title": "Kore wa Zombie desu ka? of the Dead",
      "views": 13610,
      "revenue": 4169
    },
    {
      "date": "2025-11-17",
      "title": "Vampire Knight Guilty",
      "views": 12258,
      "revenue": 4651
    },
    {
      "date": "2025-11-17",
      "title": "Jigoku Shoujo",
      "views": 10916,
      "revenue": 8926
    },
    {
      "date": "2025-11-17",
      "title": "Shouwa Genroku Rakugo Shinjuu",
      "views": 19718,
      "revenue": 5797
    },
    {
      "date": "2025-11-17",
      "title": "Nurarihyon no Mago",
      "views": 9099,
      "revenue": 7532
    },
    {
      "date": "2025-11-17",
      "title": "Ranma ½",
      "views": 10553,
      "revenue": 18009
    },
    {
      "date": "2025-11-18",
      "title": "Kono Subarashii Sekai ni Shukufuku wo!",
      "views": 120402,
      "revenue": 17769
    },
    {
      "date": "2025-11-18",
      "title": "Kono Subarashii Sekai ni Shukufuku wo! 2",
      "views": 106149,
      "revenue": 16361
    },
    {
      "date": "2025-11-18",
      "title": "Fate/stay night",
      "views": 37845,
      "revenue": 21982
    },
    {
      "date": "2025-11-18",
      "title": "Higurashi no Naku Koro ni",
      "views": 26733,
      "revenue": 18696
    },
    {
      "date": "2025-11-18",
      "title": "Sakamoto desu ga?",
      "views": 26503,
      "revenue": 8249
    },
    {
      "date": "2025-11-18",
      "title": "Nanatsu no Taizai: Kamigami no Gekirin",
      "views": 19036,
      "revenue": 15380
    },
    {
      "date": "2025-11-18",
      "title": "Sankarea",
      "views": 24951,
      "revenue": 7828
    },
    {
      "date": "2025-11-18",
      "title": "Kore wa Zombie desu ka?",
      "views": 17346,
      "revenue": 5488
    },
    {
      "date": "2025-11-18",
      "title": "Log Horizon 2nd Season",
      "views": 17182,
      "revenue": 11715
    },
    {
      "date": "2025-11-18",
      "title": "Vampire Knight",
      "views": 11250,
      "revenue": 5442
    },
    {
      "date": "2025-11-18",
      "title": "Fruits Basket",
      "views": 15535,
      "revenue": 11566
    },
    {
      "date": "2025-11-18",
      "title": "Rurouni Kenshin: Meiji Kenkaku Romantan",
      "views": 31290,
      "revenue": 28329
    },
    {
      "date": "2025-11-18",
      "title": "Higurashi no Naku Koro ni Kai",
      "views": 29876,
      "revenue": 13360
    },
    {
      "date": "2025-11-18",
      "title": "Nanatsu no Taizai: Funnu no Shinpan",
      "views": 10079,
      "revenue": 9299
    },
    {
      "date": "2025-11-18",
      "title": "Kore wa Zombie desu ka? of the Dead",
      "views": 13381,
      "revenue": 4099
    },
    {
      "date": "2025-11-18",
      "title": "Vampire Knight Guilty",
      "views": 11407,
      "revenue": 4328
    },
    {
      "date": "2025-11-18",
      "title": "Jigoku Shoujo",
      "views": 15155,
      "revenue": 12392
    },
    {
      "date": "2025-11-18",
      "title": "Shouwa Genroku Rakugo Shinjuu",
      "views": 14322,
      "revenue": 4211
    },
    {
      "date": "2025-11-18",
      "title": "Nurarihyon no Mago",
      "views": 8760,
      "revenue": 7251
    },
    {
      "date": "2025-11-18",
      "title": "Ranma ½",
      "views": 7608,
      "revenue": 12984
    },
    {
      "date": "2025-11-19",
      "title": "Kono Subarashii Sekai ni Shukufuku wo!",
      "views": 133069,
      "revenue": 19638
    },
    {
      "date": "2025-11-19",
      "title": "Kono Subarashii Sekai ni Shukufuku wo! 2",
      "views": 94918,
      "revenue": 14630
    },
    {
      "date": "2025-11-19",
      "title": "Fate/stay night",
      "views": 31042,
      "revenue": 18030
    },
    {
      "date": "2025-11-19",
      "title": "Higurashi no Naku Koro ni",
      "views": 25766,
      "revenue": 18020
    },
    {
      "date": "2025-11-19",
      "title": "Sakamoto desu ga?",
      "views": 28199,
      "revenue": 8777
    },
    {
      "date": "2025-11-19",
      "title": "Nanatsu no Taizai: Kamigami no Gekirin",
      "views": 18664,
      "revenue": 15079
    },
    {
      "date": "2025-11-19",
      "title": "Sankarea",
      "views": 20373,
      "revenue": 6391
    },
    {
      "date": "2025-11-19",
      "title": "Kore wa Zombie desu ka?",
      "views": 17626,
      "revenue": 5576
    },
    {
      "date": "2025-11-19",
      "title": "Log Horizon 2nd Season",
      "views": 19497,
      "revenue": 13294
    },
    {
      "date": "2025-11-19",
      "title": "Vampire Knight",
      "views": 15412,
      "revenue": 7455
    },
    {
      "date": "2025-11-19",
      "title": "Fruits Basket",
      "views": 17270,
      "revenue": 12858
    },
    {
      "date": "2025-11-19",
      "title": "Rurouni Kenshin: Meiji Kenkaku Romantan",
      "views": 31194,
      "revenue": 28242
    },
    {
      "date": "2025-11-19",
      "title": "Higurashi no Naku Koro ni Kai",
      "views": 27283,
      "revenue": 12200
    },
    {
      "date": "2025-11-19",
      "title": "Nanatsu no Taizai: Funnu no Shinpan",
      "views": 8600,
      "revenue": 7934
    },
    {
      "date": "2025-11-19",
      "title": "Kore wa Zombie desu ka? of the Dead",
      "views": 13587,
      "revenue": 4162
    },
    {
      "date": "2025-11-19",
      "title": "Vampire Knight Guilty",
      "views": 15155,
      "revenue": 5750
    },
    {
      "date": "2025-11-19",
      "title": "Jigoku Shoujo",
      "views": 10278,
      "revenue": 8404
    },
    {
      "date": "2025-11-19",
      "title": "Shouwa Genroku Rakugo Shinjuu",
      "views": 19382,
      "revenue": 5698
    },
    {
      "date": "2025-11-19",
      "title": "Nurarihyon no Mago",
      "views": 7618,
      "revenue": 6306
    },
    {
      "date": "2025-11-19",
      "title": "Ranma ½",
      "views": 8402,
      "revenue": 14337
    },
    {
      "date": "2025-11-20",
      "title": "Kono Subarashii Sekai ni Shukufuku wo!",
      "views": 99338,
      "revenue": 14660
    },
    {
      "date": "2025-11-20",
      "title": "Kono Subarashii Sekai ni Shukufuku wo! 2",
      "views": 99029,
      "revenue": 15263
    },
    {
      "date": "2025-11-20",
      "title": "Fate/stay night",
      "views": 27547,
      "revenue": 16000
    },
    {
      "date": "2025-11-20",
      "title": "Higurashi no Naku Koro ni",
      "views": 29169,
      "revenue": 20399
    },
    {
      "date": "2025-11-20",
      "title": "Sakamoto desu ga?",
      "views": 22613,
      "revenue": 7038
    },
    {
      "date": "2025-11-20",
      "title": "Nanatsu no Taizai: Kamigami no Gekirin",
      "views": 19129,
      "revenue": 15455
    },
    {
      "date": "2025-11-20",
      "title": "Sankarea",
      "views": 24160,
      "revenue": 7579
    },
    {
      "date": "2025-11-20",
      "title": "Kore wa Zombie desu ka?",
      "views": 23997,
      "revenue": 7592
    },
    {
      "date": "2025-11-20",
      "title": "Log Horizon 2nd Season",
      "views": 18851,
      "revenue": 12853
    },
    {
      "date": "2025-11-20",
      "title": "Vampire Knight",
      "views": 11901,
      "revenue": 5757
    },
    {
      "date": "2025-11-20",
      "title": "Fruits Basket",
      "views": 17687,
      "revenue": 13169
    },
    {
      "date": "2025-11-20",
      "title": "Rurouni Kenshin: Meiji Kenkaku Romantan",
      "views": 32536,
      "revenue": 29458
    },
    {
      "date": "2025-11-20",
      "title": "Higurashi no Naku Koro ni Kai",
      "views": 33117,
      "revenue": 14809
    },
    {
      "date": "2025-11-20",
      "title": "Nanatsu no Taizai: Funnu no Shinpan",
      "views": 12474,
      "revenue": 11508
    },
    {
      "date": "2025-11-20",
      "title": "Kore wa Zombie desu ka? of the Dead",
      "views": 12138,
      "revenue": 3718
    },
    {
      "date": "2025-11-20",
      "title": "Vampire Knight Guilty",
      "views": 14002,
      "revenue": 5313
    },
    {
      "date": "2025-11-20",
      "title": "Jigoku Shoujo",
      "views": 14588,
      "revenue": 11928
    },
    {
      "date": "2025-11-20",
      "title": "Shouwa Genroku Rakugo Shinjuu",
      "views": 20010,
      "revenue": 5883
    },
    {
      "date": "2025-11-20",
      "title": "Nurarihyon no Mago",
      "views": 9242,
      "revenue": 7651
    },
    {
      "date": "2025-11-20",
      "title": "Ranma ½",
      "views": 8996,
      "revenue": 15351
    },
    {
      "date": "2025-11-21",
      "title": "Kono Subarashii Sekai ni Shukufuku wo!",
      "views": 109928,
      "revenue": 16223
    },
    {
      "date": "2025-11-21",
      "title": "Kono Subarashii Sekai ni Shukufuku wo! 2",
      "views": 100818,
      "revenue": 15539
    },
    {
      "date": "2025-11-21",
      "title": "Fate/stay night",
      "views": 29935,
      "revenue": 17387
    },
    {
      "date": "2025-11-21",
      "title": "Higurashi no Naku Koro ni",
      "views": 22594,
      "revenue": 15801
    },
    {
      "date": "2025-11-21",
      "title": "Sakamoto desu ga?",
      "views": 28896,
      "revenue": 8994
    },
    {
      "date": "2025-11-21",
      "title": "Nanatsu no Taizai: Kamigami no Gekirin",
      "views": 16416,
      "revenue": 13263
    },
    {
      "date": "2025-11-21",
      "title": "Sankarea",
      "views": 22079,
      "revenue": 6927
    },
    {
      "date": "2025-11-21",
      "title": "Kore wa Zombie desu ka?",
      "views": 20152,
      "revenue": 6375
    },
    {
      "date": "2025-11-21",
      "title": "Log Horizon 2nd Season",
      "views": 24902,
      "revenue": 16979
    },
    {
      "date": "2025-11-21",
      "title": "Vampire Knight",
      "views": 14511,
      "revenue": 7020
    },
    {
      "date": "2025-11-21",
      "title": "Fruits Basket",
      "views": 17979,
      "revenue": 13386
    },
    {
      "date": "2025-11-21",
      "title": "Rurouni Kenshin: Meiji Kenkaku Romantan",
      "views": 25530,
      "revenue": 23114
    },
    {
      "date": "2025-11-21",
      "title": "Higurashi no Naku Koro ni Kai",
      "views": 24597,
      "revenue": 10999
    },
    {
      "date": "2025-11-21",
      "title": "Nanatsu no Taizai: Funnu no Shinpan",
      "views": 10964,
      "revenue": 10115
    },
    {
      "date": "2025-11-21",
      "title": "Kore wa Zombie desu ka? of the Dead",
      "views": 11841,
      "revenue": 3627
    },
    {
      "date": "2025-11-21",
      "title": "Vampire Knight Guilty",
      "views": 14051,
      "revenue": 5331
    },
    {
      "date": "2025-11-21",
      "title": "Jigoku Shoujo",
      "views": 12390,
      "revenue": 10131
    },
    {
      "date": "2025-11-21",
      "title": "Shouwa Genroku Rakugo Shinjuu",
      "views": 15749,
      "revenue": 4630
    },
    {
      "date": "2025-11-21",
      "title": "Nurarihyon no Mago",
      "views": 9088,
      "revenue": 7524
    },
    {
      "date": "2025-11-21",
      "title": "Ranma ½",
      "views": 8241,
      "revenue": 14063
    },
    {
      "date": "2025-11-22",
      "title": "Kono Subarashii Sekai ni Shukufuku wo!",
      "views": 135534,
      "revenue": 20002
    },
    {
      "date": "2025-11-22",
      "title": "Kono Subarashii Sekai ni Shukufuku wo! 2",
      "views": 99373,
      "revenue": 15316
    },
    {
      "date": "2025-11-22",
      "title": "Fate/stay night",
      "views": 26838,
      "revenue": 15588
    },
    {
      "date": "2025-11-22",
      "title": "Higurashi no Naku Koro ni",
      "views": 27859,
      "revenue": 19483
    },
    {
      "date": "2025-11-22",
      "title": "Sakamoto desu ga?",
      "views": 26806,
      "revenue": 8343
    },
    {
      "date": "2025-11-22",
      "title": "Nanatsu no Taizai: Kamigami no Gekirin",
      "views": 18307,
      "revenue": 14791
    },
    {
      "date": "2025-11-22",
      "title": "Sankarea",
      "views": 18380,
      "revenue": 5766
    },
    {
      "date": "2025-11-22",
      "title": "Kore wa Zombie desu ka?",
      "views": 24933,
      "revenue": 7888
    },
    {
      "date": "2025-11-22",
      "title": "Log Horizon 2nd Season",
      "views": 22562,
      "revenue": 15384
    },
    {
      "date": "2025-11-22",
      "title": "Vampire Knight",
      "views": 14529,
      "revenue": 7028
    },
    {
      "date": "2025-11-22",
      "title": "Fruits Basket",
      "views": 21813,
      "revenue": 16240
    },
    {
      "date": "2025-11-22",
      "title": "Rurouni Kenshin: Meiji Kenkaku Romantan",
      "views": 27822,
      "revenue": 25190
    },
    {
      "date": "2025-11-22",
      "title": "Higurashi no Naku Koro ni Kai",
      "views": 24226,
      "revenue": 10833
    },
    {
      "date": "2025-11-22",
      "title": "Nanatsu no Taizai: Funnu no Shinpan",
      "views": 11983,
      "revenue": 11055
    },
    {
      "date": "2025-11-22",
      "title": "Kore wa Zombie desu ka? of the Dead",
      "views": 11142,
      "revenue": 3413
    },
    {
      "date": "2025-11-22",
      "title": "Vampire Knight Guilty",
      "views": 12362,
      "revenue": 4691
    },
    {
      "date": "2025-11-22",
      "title": "Jigoku Shoujo",
      "views": 11652,
      "revenue": 9528
    },
    {
      "date": "2025-11-22",
      "title": "Shouwa Genroku Rakugo Shinjuu",
      "views": 15042,
      "revenue": 4422
    },
    {
      "date": "2025-11-22",
      "title": "Nurarihyon no Mago",
      "views": 9510,
      "revenue": 7872
    },
    {
      "date": "2025-11-22",
      "title": "Ranma ½",
      "views": 10628,
      "revenue": 18137
    }
  ],
  "platform_split": [
    {
      "name": "Crunchyroll",
      "revenue": 6542952,
      "views": 26267733
    },
    {
      "name": "TV Tokyo",
      "revenue": 18977244,
      "views": 23677044
    },
    {
      "name": "Funimation",
      "revenue": 1534059,
      "views": 2195278
    },
    {
      "name": "Hulu",
      "revenue": 4873022,
      "views": 10378130
    },
    {
      "name": "Netflix",
      "revenue": 778775,
      "views": 2544210
    }
  ],
  "anime_performance": [
    {
      "title": "Kono Subarashii Sekai ni Shukufuku wo!",
      "revenue": 1554887,
      "views": 10535815,
      "completion_rate": 80.89999999999999,
      "roi": 80.9
    },
    {
      "title": "Kono Subarashii Sekai ni Shukufuku wo! 2",
      "revenue": 1250526,
      "views": 8113470,
      "completion_rate": 82.4,
      "roi": 82.4
    },
    {
      "title": "Fate/stay night",
      "revenue": 1723433,
      "views": 2967195,
      "completion_rate": 72.7,
      "roi": 72.69999999999999
    },
    {
      "title": "Higurashi no Naku Koro ni",
      "revenue": 1775611,
      "views": 2538936,
      "completion_rate": 78.7,
      "roi": 78.7
    },
    {
      "title": "Sakamoto desu ga?",
      "revenue": 762939,
      "views": 2451285,
      "completion_rate": 75.4,
      "roi": 75.4
    },
    {
      "title": "Nanatsu no Taizai: Kamigami no Gekirin",
      "revenue": 1262210,
      "views": 1562266,
      "completion_rate": 64.7,
      "roi": 64.7
    },
    {
      "title": "Sankarea",
      "revenue": 611856,
      "views": 1950351,
      "completion_rate": 72.6,
      "roi": 72.6
    },
    {
      "title": "Kore wa Zombie desu ka?",
      "revenue": 616479,
      "views": 1948695,
      "completion_rate": 73.2,
      "roi": 73.2
    },
    {
      "title": "Log Horizon 2nd Season",
      "revenue": 1310691,
      "views": 1922301,
      "completion_rate": 75.5,
      "roi": 75.5
    },
    {
      "title": "Vampire Knight",
      "revenue": 608694,
      "views": 1258300,
      "completion_rate": 68.39999999999999,
      "roi": 68.4
    },
    {
      "title": "Fruits Basket",
      "revenue": 1254680,
      "views": 1685202,
      "completion_rate": 76.9,
      "roi": 76.9
    },
    {
      "title": "Rurouni Kenshin: Meiji Kenkaku Romantan",
      "revenue": 2350669,
      "views": 2596315,
      "completion_rate": 82.8,
      "roi": 82.8
    },
    {
      "title": "Higurashi no Naku Koro ni Kai",
      "revenue": 1149902,
      "views": 2571485,
      "completion_rate": 81.60000000000001,
      "roi": 81.6
    },
    {
      "title": "Nanatsu no Taizai: Funnu no Shinpan",
      "revenue": 863879,
      "views": 936364,
      "completion_rate": 65.7,
      "roi": 65.7
    },
    {
      "title": "Kore wa Zombie desu ka? of the Dead",
      "revenue": 360023,
      "views": 1175373,
      "completion_rate": 74.7,
      "roi": 74.7
    },
    {
      "title": "Vampire Knight Guilty",
      "revenue": 433813,
      "views": 1143297,
      "completion_rate": 70.6,
      "roi": 70.6
    },
    {
      "title": "Jigoku Shoujo",
      "revenue": 932063,
      "views": 1139910,
      "completion_rate": 76,
      "roi": 76
    },
    {
      "title": "Shouwa Genroku Rakugo Shinjuu",
      "revenue": 454955,
      "views": 1547475,
      "completion_rate": 85.39999999999999,
      "roi": 85.39999999999999
    },
    {
      "title": "Nurarihyon no Mago",
      "revenue": 709395,
      "views": 856941,
      "completion_rate": 76,
      "roi": 76
    },
    {
      "title": "Ranma ½",
      "revenue": 1428123,
      "views": 836877,
      "completion_rate": 77.69999999999999,
      "roi": 77.69999999999999
    },
    {
      "title": "Sakura Trick",
      "revenue": 314685,
      "views": 546794,
      "completion_rate": 69.4,
      "roi": 69.4
    },
    {
      "title": "Junjou Romantica",
      "revenue": 331003,
      "views": 796428,
      "completion_rate": 74.4,
      "roi": 74.4
    },
    {
      "title": "Log Horizon: Entaku Houkai",
      "revenue": 313048,
      "views": 790749,
      "completion_rate": 70.7,
      "roi": 70.7
    },
    {
      "title": "Umineko no Naku Koro ni",
      "revenue": 620941,
      "views": 695655,
      "completion_rate": 70.19999999999999,
      "roi": 70.19999999999999
    },
    {
      "title": "Sasaki to Miyano",
      "revenue": 330783,
      "views": 1139930,
      "completion_rate": 81.89999999999999,
      "roi": 81.89999999999999
    },
    {
      "title": "Sekaiichi Hatsukoi",
      "revenue": 307152,
      "views": 683208,
      "completion_rate": 76.1,
      "roi": 76.10000000000001
    },
    {
      "title": "07-Ghost",
      "revenue": 590724,
      "views": 659139,
      "completion_rate": 71.8,
      "roi": 71.8
    },
    {
      "title": "Seitokai no Ichizon",
      "revenue": 276197,
      "views": 614436,
      "completion_rate": 73,
      "roi": 73
    },
    {
      "title": "Shouwa Genroku Rakugo Shinjuu: Sukeroku Futatabi-hen",
      "revenue": 323820,
      "views": 996735,
      "completion_rate": 86.99999999999999,
      "roi": 87
    },
    {
      "title": "Itou Junji: Collection",
      "revenue": 244213,
      "views": 397820,
      "completion_rate": 65.7,
      "roi": 65.7
    },
    {
      "title": "Pupa",
      "revenue": 121775,
      "views": 396972,
      "completion_rate": 32.8,
      "roi": 32.8
    },
    {
      "title": "Gimai Seikatsu",
      "revenue": 271019,
      "views": 592932,
      "completion_rate": 73.2,
      "roi": 73.2
    },
    {
      "title": "Junjou Romantica 2",
      "revenue": 274807,
      "views": 561084,
      "completion_rate": 76.7,
      "roi": 76.7
    },
    {
      "title": "Dragon Crisis!",
      "revenue": 230157,
      "views": 357446,
      "completion_rate": 65.99999999999999,
      "roi": 66
    },
    {
      "title": "Re:Monster",
      "revenue": 226750,
      "views": 353824,
      "completion_rate": 65.4,
      "roi": 65.4
    },
    {
      "title": "Sekaiichi Hatsukoi 2",
      "revenue": 269430,
      "views": 527469,
      "completion_rate": 78,
      "roi": 78
    },
    {
      "title": "Hakuouki",
      "revenue": 253672,
      "views": 526836,
      "completion_rate": 73.5,
      "roi": 73.5
    },
    {
      "title": "Nurarihyon no Mago: Sennen Makyou",
      "revenue": 538870,
      "views": 514308,
      "completion_rate": 79.2,
      "roi": 79.2
    },
    {
      "title": "Jigoku Shoujo Futakomori",
      "revenue": 577207,
      "views": 509895,
      "completion_rate": 78.7,
      "roi": 78.7
    },
    {
      "title": "Super Lovers",
      "revenue": 178127,
      "views": 305746,
      "completion_rate": 67,
      "roi": 67
    },
    {
      "title": "Raise wa Tanin ga Ii",
      "revenue": 220198,
      "views": 427806,
      "completion_rate": 71.8,
      "roi": 71.8
    },
    {
      "title": "GetBackers",
      "revenue": 871786,
      "views": 382467,
      "completion_rate": 75.6,
      "roi": 75.6
    },
    {
      "title": "Junjou Romantica 3",
      "revenue": 217674,
      "views": 379947,
      "completion_rate": 75.8,
      "roi": 75.8
    },
    {
      "title": "Gravitation",
      "revenue": 213140,
      "views": 249914,
      "completion_rate": 69,
      "roi": 69
    },
    {
      "title": "Ueki no Housoku",
      "revenue": 877395,
      "views": 373317,
      "completion_rate": 77.10000000000001,
      "roi": 77.1
    },
    {
      "title": "Kyou kara Maou!",
      "revenue": 854131,
      "views": 364005,
      "completion_rate": 76.1,
      "roi": 76.10000000000001
    },
    {
      "title": "Hakkenden: Touhou Hakken Ibun",
      "revenue": 222494,
      "views": 358656,
      "completion_rate": 73.8,
      "roi": 73.8
    },
    {
      "title": "Hatsukoi Monster",
      "revenue": 150074,
      "views": 236040,
      "completion_rate": 54.29999999999999,
      "roi": 54.3
    },
    {
      "title": "Hiiro no Kakera",
      "revenue": 200094,
      "views": 235574,
      "completion_rate": 66.9,
      "roi": 66.9
    },
    {
      "title": "Full Moon wo Sagashite",
      "revenue": 869858,
      "views": 349410,
      "completion_rate": 79.3,
      "roi": 79.3
    }
  ],
  "scatter_plot": [
    {
      "x": 2107163,
      "y": 8.09,
      "title": "Kono Subarashii Sekai ni Shukufuku wo!",
      "size": 1000
    },
    {
      "x": 1622694,
      "y": 8.24,
      "title": "Kono Subarashii Sekai ni Shukufuku wo! 2",
      "size": 1000
    },
    {
      "x": 989065,
      "y": 7.27,
      "title": "Fate/stay night",
      "size": 2400
    },
    {
      "x": 846312,
      "y": 7.87,
      "title": "Higurashi no Naku Koro ni",
      "size": 2600
    },
    {
      "x": 817095,
      "y": 7.54,
      "title": "Sakamoto desu ga?",
      "size": 1200
    },
    {
      "x": 781133,
      "y": 6.47,
      "title": "Nanatsu no Taizai: Kamigami no Gekirin",
      "size": 2400
    },
    {
      "x": 650117,
      "y": 7.26,
      "title": "Sankarea",
      "size": 1200
    },
    {
      "x": 649565,
      "y": 7.32,
      "title": "Kore wa Zombie desu ka?",
      "size": 1200
    },
    {
      "x": 640767,
      "y": 7.55,
      "title": "Log Horizon 2nd Season",
      "size": 2500
    },
    {
      "x": 629150,
      "y": 6.84,
      "title": "Vampire Knight",
      "size": 1300
    },
    {
      "x": 561734,
      "y": 7.69,
      "title": "Fruits Basket",
      "size": 2600
    },
    {
      "x": 519263,
      "y": 8.28,
      "title": "Rurouni Kenshin: Meiji Kenkaku Romantan",
      "size": 9400
    },
    {
      "x": 514297,
      "y": 8.16,
      "title": "Higurashi no Naku Koro ni Kai",
      "size": 2400
    },
    {
      "x": 468182,
      "y": 6.57,
      "title": "Nanatsu no Taizai: Funnu no Shinpan",
      "size": 2400
    },
    {
      "x": 391791,
      "y": 7.47,
      "title": "Kore wa Zombie desu ka? of the Dead",
      "size": 1000
    },
    {
      "x": 381099,
      "y": 7.06,
      "title": "Vampire Knight Guilty",
      "size": 1300
    },
    {
      "x": 379970,
      "y": 7.6,
      "title": "Jigoku Shoujo",
      "size": 2600
    },
    {
      "x": 309495,
      "y": 8.54,
      "title": "Shouwa Genroku Rakugo Shinjuu",
      "size": 1300
    },
    {
      "x": 285647,
      "y": 7.6,
      "title": "Nurarihyon no Mago",
      "size": 2400
    },
    {
      "x": 278959,
      "y": 7.77,
      "title": "Ranma ½",
      "size": 16100
    },
    {
      "x": 273397,
      "y": 6.94,
      "title": "Sakura Trick",
      "size": 1200
    },
    {
      "x": 265476,
      "y": 7.44,
      "title": "Junjou Romantica",
      "size": 1200
    },
    {
      "x": 263583,
      "y": 7.07,
      "title": "Log Horizon: Entaku Houkai",
      "size": 1200
    },
    {
      "x": 231885,
      "y": 7.02,
      "title": "Umineko no Naku Koro ni",
      "size": 2600
    },
    {
      "x": 227986,
      "y": 8.19,
      "title": "Sasaki to Miyano",
      "size": 1200
    },
    {
      "x": 227736,
      "y": 7.61,
      "title": "Sekaiichi Hatsukoi",
      "size": 1200
    },
    {
      "x": 219713,
      "y": 7.18,
      "title": "07-Ghost",
      "size": 2500
    },
    {
      "x": 204812,
      "y": 7.3,
      "title": "Seitokai no Ichizon",
      "size": 1200
    },
    {
      "x": 199347,
      "y": 8.7,
      "title": "Shouwa Genroku Rakugo Shinjuu: Sukeroku Futatabi-hen",
      "size": 1200
    },
    {
      "x": 198910,
      "y": 6.57,
      "title": "Itou Junji: Collection",
      "size": 1200
    },
    {
      "x": 198486,
      "y": 3.28,
      "title": "Pupa",
      "size": 1200
    },
    {
      "x": 197644,
      "y": 7.32,
      "title": "Gimai Seikatsu",
      "size": 1200
    },
    {
      "x": 187028,
      "y": 7.67,
      "title": "Junjou Romantica 2",
      "size": 1200
    },
    {
      "x": 178723,
      "y": 6.6,
      "title": "Dragon Crisis!",
      "size": 1200
    },
    {
      "x": 176912,
      "y": 6.54,
      "title": "Re:Monster",
      "size": 1200
    },
    {
      "x": 175823,
      "y": 7.8,
      "title": "Sekaiichi Hatsukoi 2",
      "size": 1200
    },
    {
      "x": 175612,
      "y": 7.35,
      "title": "Hakuouki",
      "size": 1200
    },
    {
      "x": 171436,
      "y": 7.92,
      "title": "Nurarihyon no Mago: Sennen Makyou",
      "size": 2400
    },
    {
      "x": 169965,
      "y": 7.87,
      "title": "Jigoku Shoujo Futakomori",
      "size": 2600
    },
    {
      "x": 152873,
      "y": 6.7,
      "title": "Super Lovers",
      "size": 1000
    },
    {
      "x": 142602,
      "y": 7.18,
      "title": "Raise wa Tanin ga Ii",
      "size": 1200
    },
    {
      "x": 127489,
      "y": 7.56,
      "title": "GetBackers",
      "size": 4900
    },
    {
      "x": 126649,
      "y": 7.58,
      "title": "Junjou Romantica 3",
      "size": 1200
    },
    {
      "x": 124957,
      "y": 6.9,
      "title": "Gravitation",
      "size": 1300
    },
    {
      "x": 124439,
      "y": 7.71,
      "title": "Ueki no Housoku",
      "size": 5100
    },
    {
      "x": 121335,
      "y": 7.61,
      "title": "Kyou kara Maou!",
      "size": 7800
    },
    {
      "x": 119552,
      "y": 7.38,
      "title": "Hakkenden: Touhou Hakken Ibun",
      "size": 1300
    },
    {
      "x": 118020,
      "y": 5.43,
      "title": "Hatsukoi Monster",
      "size": 1200
    },
    {
      "x": 117787,
      "y": 6.69,
      "title": "Hiiro no Kakera",
      "size": 1300
    },
    {
      "x": 116470,
      "y": 7.93,
      "title": "Full Moon wo Sagashite",
      "size": 5200
    }
  ],
  "heatmap": [
    {
      "anime": "Kono Subarashii Sekai ni Shukufuku wo!",
      "metric": "Engagement",
      "value": 1358660
    },
    {
      "anime": "Kono Subarashii Sekai ni Shukufuku wo! 2",
      "metric": "Engagement",
      "value": 1073455
    },
    {
      "anime": "Fate/stay night",
      "metric": "Engagement",
      "value": 539498
    },
    {
      "anime": "Higurashi no Naku Koro ni",
      "metric": "Engagement",
      "value": 411494
    },
    {
      "anime": "Sakamoto desu ga?",
      "metric": "Engagement",
      "value": 409165
    },
    {
      "anime": "Nanatsu no Taizai: Kamigami no Gekirin",
      "metric": "Engagement",
      "value": 446528
    },
    {
      "anime": "Sankarea",
      "metric": "Engagement",
      "value": 328709
    },
    {
      "anime": "Kore wa Zombie desu ka?",
      "metric": "Engagement",
      "value": 352288
    },
    {
      "anime": "Log Horizon 2nd Season",
      "metric": "Engagement",
      "value": 354461
    },
    {
      "anime": "Vampire Knight",
      "metric": "Engagement",
      "value": 364946
    },
    {
      "anime": "Fruits Basket",
      "metric": "Engagement",
      "value": 292321
    },
    {
      "anime": "Rurouni Kenshin: Meiji Kenkaku Romantan",
      "metric": "Engagement",
      "value": 245958
    },
    {
      "anime": "Higurashi no Naku Koro ni Kai",
      "metric": "Engagement",
      "value": 264692
    },
    {
      "anime": "Nanatsu no Taizai: Funnu no Shinpan",
      "metric": "Engagement",
      "value": 225486
    },
    {
      "anime": "Kore wa Zombie desu ka? of the Dead",
      "metric": "Engagement",
      "value": 223061
    },
    {
      "anime": "Vampire Knight Guilty",
      "metric": "Engagement",
      "value": 230218
    },
    {
      "anime": "Jigoku Shoujo",
      "metric": "Engagement",
      "value": 138554
    },
    {
      "anime": "Shouwa Genroku Rakugo Shinjuu",
      "metric": "Engagement",
      "value": 98514
    },
    {
      "anime": "Nurarihyon no Mago",
      "metric": "Engagement",
      "value": 122081
    },
    {
      "anime": "Ranma ½",
      "metric": "Engagement",
      "value": 129781
    }
  ],
  "anime_list": [
    {
      "title": "Kono Subarashii Sekai ni Shukufuku wo!",
      "generation": "Gen 1",
      "platform": "Crunchyroll",
      "revenue": 1554887,
      "views": 10535815,
      "score": 8.09,
      "episodes": 10,
      "status": "Finished Airing",
      "aired_from": "2016-01-14T00:00:00+00:00",
      "mal_url": "https://myanimelist.net/anime/30831/Kono_Subarashii_Sekai_ni_Shukufuku_wo"
    },
    {
      "title": "Kono Subarashii Sekai ni Shukufuku wo! 2",
      "generation": "Gen 1",
      "platform": "Crunchyroll",
      "revenue": 1250526,
      "views": 8113470,
      "score": 8.24,
      "episodes": 10,
      "status": "Finished Airing",
      "aired_from": "2017-01-12T00:00:00+00:00",
      "mal_url": "https://myanimelist.net/anime/32937/Kono_Subarashii_Sekai_ni_Shukufuku_wo_2"
    },
    {
      "title": "Fate/stay night",
      "generation": "Gen 1",
      "platform": "TV Tokyo",
      "revenue": 1723433,
      "views": 2967195,
      "score": 7.27,
      "episodes": 24,
      "status": "Finished Airing",
      "aired_from": "2006-01-07T00:00:00+00:00",
      "mal_url": "https://myanimelist.net/anime/356/Fate_stay_night"
    },
    {
      "title": "Higurashi no Naku Koro ni",
      "generation": "Gen 1",
      "platform": "TV Tokyo",
      "revenue": 1775611,
      "views": 2538936,
      "score": 7.87,
      "episodes": 26,
      "status": "Finished Airing",
      "aired_from": "2006-04-05T00:00:00+00:00",
      "mal_url": "https://myanimelist.net/anime/934/Higurashi_no_Naku_Koro_ni"
    },
    {
      "title": "Sakamoto desu ga?",
      "generation": "Gen 1",
      "platform": "Crunchyroll",
      "revenue": 762939,
      "views": 2451285,
      "score": 7.54,
      "episodes": 12,
      "status": "Finished Airing",
      "aired_from": "2016-04-08T00:00:00+00:00",
      "mal_url": "https://myanimelist.net/anime/32542/Sakamoto_desu_ga"
    },
    {
      "title": "Nanatsu no Taizai: Kamigami no Gekirin",
      "generation": "Gen 2",
      "platform": "Funimation",
      "revenue": 1262210,
      "views": 1562266,
      "score": 6.47,
      "episodes": 24,
      "status": "Finished Airing",
      "aired_from": "2019-10-09T00:00:00+00:00",
      "mal_url": "https://myanimelist.net/anime/39701/Nanatsu_no_Taizai__Kamigami_no_Gekirin"
    },
    {
      "title": "Sankarea",
      "generation": "Gen 1",
      "platform": "Hulu",
      "revenue": 611856,
      "views": 1950351,
      "score": 7.26,
      "episodes": 12,
      "status": "Finished Airing",
      "aired_from": "2012-04-06T00:00:00+00:00",
      "mal_url": "https://myanimelist.net/anime/11499/Sankarea"
    },
    {
      "title": "Kore wa Zombie desu ka?",
      "generation": "Gen 1",
      "platform": "Hulu",
      "revenue": 616479,
      "views": 1948695,
      "score": 7.32,
      "episodes": 12,
      "status": "Finished Airing",
      "aired_from": "2011-01-11T00:00:00+00:00",
      "mal_url": "https://myanimelist.net/anime/8841/Kore_wa_Zombie_desu_ka"
    },
    {
      "title": "Log Horizon 2nd Season",
      "generation": "Gen 1",
      "platform": "Crunchyroll",
      "revenue": 1310691,
      "views": 1922301,
      "score": 7.55,
      "episodes": 25,
      "status": "Finished Airing",
      "aired_from": "2014-10-04T00:00:00+00:00",
      "mal_url": "https://myanimelist.net/anime/23321/Log_Horizon_2nd_Season"
    },
    {
      "title": "Vampire Knight",
      "generation": "Gen 1",
      "platform": "TV Tokyo",
      "revenue": 608694,
      "views": 1258300,
      "score": 6.84,
      "episodes": 13,
      "status": "Finished Airing",
      "aired_from": "2008-04-08T00:00:00+00:00",
      "mal_url": "https://myanimelist.net/anime/3457/Vampire_Knight"
    },
    {
      "title": "Fruits Basket",
      "generation": "Legacy",
      "platform": "TV Tokyo",
      "revenue": 1254680,
      "views": 1685202,
      "score": 7.69,
      "episodes": 26,
      "status": "Finished Airing",
      "aired_from": "2001-07-05T00:00:00+00:00",
      "mal_url": "https://myanimelist.net/anime/120/Fruits_Basket"
    },
    {
      "title": "Rurouni Kenshin: Meiji Kenkaku Romantan",
      "generation": "Legacy",
      "platform": "TV Tokyo",
      "revenue": 2350669,
      "views": 2596315,
      "score": 8.28,
      "episodes": 94,
      "status": "Finished Airing",
      "aired_from": "1996-01-10T00:00:00+00:00",
      "mal_url": "https://myanimelist.net/anime/45/Rurouni_Kenshin__Meiji_Kenkaku_Romantan"
    },
    {
      "title": "Higurashi no Naku Koro ni Kai",
      "generation": "Gen 1",
      "platform": "TV Tokyo",
      "revenue": 1149902,
      "views": 2571485,
      "score": 8.16,
      "episodes": 24,
      "status": "Finished Airing",
      "aired_from": "2007-07-06T00:00:00+00:00",
      "mal_url": "https://myanimelist.net/anime/1889/Higurashi_no_Naku_Koro_ni_Kai"
    },
    {
      "title": "Nanatsu no Taizai: Funnu no Shinpan",
      "generation": "Gen 3",
      "platform": "Hulu",
      "revenue": 863879,
      "views": 936364,
      "score": 6.57,
      "episodes": 24,
      "status": "Finished Airing",
      "aired_from": "2021-01-13T00:00:00+00:00",
      "mal_url": "https://myanimelist.net/anime/41491/Nanatsu_no_Taizai__Funnu_no_Shinpan"
    },
    {
      "title": "Kore wa Zombie desu ka? of the Dead",
      "generation": "Gen 1",
      "platform": "Hulu",
      "revenue": 360023,
      "views": 1175373,
      "score": 7.47,
      "episodes": 10,
      "status": "Finished Airing",
      "aired_from": "2012-04-05T00:00:00+00:00",
      "mal_url": "https://myanimelist.net/anime/10790/Kore_wa_Zombie_desu_ka_of_the_Dead"
    },
    {
      "title": "Vampire Knight Guilty",
      "generation": "Gen 1",
      "platform": "TV Tokyo",
      "revenue": 433813,
      "views": 1143297,
      "score": 7.06,
      "episodes": 13,
      "status": "Finished Airing",
      "aired_from": "2008-10-07T00:00:00+00:00",
      "mal_url": "https://myanimelist.net/anime/4752/Vampire_Knight_Guilty"
    },
    {
      "title": "Jigoku Shoujo",
      "generation": "Legacy",
      "platform": "TV Tokyo",
      "revenue": 932063,
      "views": 1139910,
      "score": 7.6,
      "episodes": 26,
      "status": "Finished Airing",
      "aired_from": "2005-10-05T00:00:00+00:00",
      "mal_url": "https://myanimelist.net/anime/228/Jigoku_Shoujo"
    },
    {
      "title": "Shouwa Genroku Rakugo Shinjuu",
      "generation": "Gen 1",
      "platform": "Netflix",
      "revenue": 454955,
      "views": 1547475,
      "score": 8.54,
      "episodes": 13,
      "status": "Finished Airing",
      "aired_from": "2016-01-09T00:00:00+00:00",
      "mal_url": "https://myanimelist.net/anime/28735/Shouwa_Genroku_Rakugo_Shinjuu"
    },
    {
      "title": "Nurarihyon no Mago",
      "generation": "Gen 1",
      "platform": "TV Tokyo",
      "revenue": 709395,
      "views": 856941,
      "score": 7.6,
      "episodes": 24,
      "status": "Finished Airing",
      "aired_from": "2010-07-06T00:00:00+00:00",
      "mal_url": "https://myanimelist.net/anime/7592/Nurarihyon_no_Mago"
    },
    {
      "title": "Ranma ½",
      "generation": "Legacy",
      "platform": "TV Tokyo",
      "revenue": 1428123,
      "views": 836877,
      "score": 7.77,
      "episodes": 161,
      "status": "Finished Airing",
      "aired_from": "1989-04-15T00:00:00+00:00",
      "mal_url": "https://myanimelist.net/anime/210/Ranma_½"
    },
    {
      "title": "Sakura Trick",
      "generation": "Gen 1",
      "platform": "Hulu",
      "revenue": 314685,
      "views": 546794,
      "score": 6.94,
      "episodes": 12,
      "status": "Finished Airing",
      "aired_from": "2014-01-10T00:00:00+00:00",
      "mal_url": "https://myanimelist.net/anime/20047/Sakura_Trick"
    },
    {
      "title": "Junjou Romantica",
      "generation": "Gen 1",
      "platform": "TV Tokyo",
      "revenue": 331003,
      "views": 796428,
      "score": 7.44,
      "episodes": 12,
      "status": "Finished Airing",
      "aired_from": "2008-04-11T00:00:00+00:00",
      "mal_url": "https://myanimelist.net/anime/3092/Junjou_Romantica"
    },
    {
      "title": "Log Horizon: Entaku Houkai",
      "generation": "Gen 3",
      "platform": "Hulu",
      "revenue": 313048,
      "views": 790749,
      "score": 7.07,
      "episodes": 12,
      "status": "Finished Airing",
      "aired_from": "2021-01-13T00:00:00+00:00",
      "mal_url": "https://myanimelist.net/anime/41109/Log_Horizon__Entaku_Houkai"
    },
    {
      "title": "Umineko no Naku Koro ni",
      "generation": "Gen 1",
      "platform": "TV Tokyo",
      "revenue": 620941,
      "views": 695655,
      "score": 7.02,
      "episodes": 26,
      "status": "Finished Airing",
      "aired_from": "2009-07-02T00:00:00+00:00",
      "mal_url": "https://myanimelist.net/anime/4896/Umineko_no_Naku_Koro_ni"
    },
    {
      "title": "Sasaki to Miyano",
      "generation": "Gen 3",
      "platform": "Crunchyroll",
      "revenue": 330783,
      "views": 1139930,
      "score": 8.19,
      "episodes": 12,
      "status": "Finished Airing",
      "aired_from": "2022-01-10T00:00:00+00:00",
      "mal_url": "https://myanimelist.net/anime/44055/Sasaki_to_Miyano"
    },
    {
      "title": "Sekaiichi Hatsukoi",
      "generation": "Gen 1",
      "platform": "Crunchyroll",
      "revenue": 307152,
      "views": 683208,
      "score": 7.61,
      "episodes": 12,
      "status": "Finished Airing",
      "aired_from": "2011-04-09T00:00:00+00:00",
      "mal_url": "https://myanimelist.net/anime/9926/Sekaiichi_Hatsukoi"
    },
    {
      "title": "07-Ghost",
      "generation": "Gen 1",
      "platform": "TV Tokyo",
      "revenue": 590724,
      "views": 659139,
      "score": 7.18,
      "episodes": 25,
      "status": "Finished Airing",
      "aired_from": "2009-04-07T00:00:00+00:00",
      "mal_url": "https://myanimelist.net/anime/5525/07-Ghost"
    },
    {
      "title": "Seitokai no Ichizon",
      "generation": "Gen 1",
      "platform": "TV Tokyo",
      "revenue": 276197,
      "views": 614436,
      "score": 7.3,
      "episodes": 12,
      "status": "Finished Airing",
      "aired_from": "2009-10-03T00:00:00+00:00",
      "mal_url": "https://myanimelist.net/anime/5909/Seitokai_no_Ichizon"
    },
    {
      "title": "Shouwa Genroku Rakugo Shinjuu: Sukeroku Futatabi-hen",
      "generation": "Gen 1",
      "platform": "Netflix",
      "revenue": 323820,
      "views": 996735,
      "score": 8.7,
      "episodes": 12,
      "status": "Finished Airing",
      "aired_from": "2017-01-07T00:00:00+00:00",
      "mal_url": "https://myanimelist.net/anime/33095/Shouwa_Genroku_Rakugo_Shinjuu__Sukeroku_Futatabi-hen"
    },
    {
      "title": "Itou Junji: Collection",
      "generation": "Gen 1",
      "platform": "Hulu",
      "revenue": 244213,
      "views": 397820,
      "score": 6.57,
      "episodes": 12,
      "status": "Finished Airing",
      "aired_from": "2018-01-05T00:00:00+00:00",
      "mal_url": "https://myanimelist.net/anime/36124/Itou_Junji__Collection"
    },
    {
      "title": "Pupa",
      "generation": "Gen 1",
      "platform": "Funimation",
      "revenue": 121775,
      "views": 396972,
      "score": 3.28,
      "episodes": 12,
      "status": "Finished Airing",
      "aired_from": "2014-01-10T00:00:00+00:00",
      "mal_url": "https://myanimelist.net/anime/19315/Pupa"
    },
    {
      "title": "Gimai Seikatsu",
      "generation": "Gen 3",
      "platform": "Hulu",
      "revenue": 271019,
      "views": 592932,
      "score": 7.32,
      "episodes": 12,
      "status": "Finished Airing",
      "aired_from": "2024-07-04T00:00:00+00:00",
      "mal_url": "https://myanimelist.net/anime/52481/Gimai_Seikatsu"
    },
    {
      "title": "Junjou Romantica 2",
      "generation": "Gen 1",
      "platform": "TV Tokyo",
      "revenue": 274807,
      "views": 561084,
      "score": 7.67,
      "episodes": 12,
      "status": "Finished Airing",
      "aired_from": "2008-10-12T00:00:00+00:00",
      "mal_url": "https://myanimelist.net/anime/4814/Junjou_Romantica_2"
    },
    {
      "title": "Dragon Crisis!",
      "generation": "Gen 1",
      "platform": "Hulu",
      "revenue": 230157,
      "views": 357446,
      "score": 6.6,
      "episodes": 12,
      "status": "Finished Airing",
      "aired_from": "2011-01-11T00:00:00+00:00",
      "mal_url": "https://myanimelist.net/anime/9330/Dragon_Crisis"
    },
    {
      "title": "Re:Monster",
      "generation": "Gen 3",
      "platform": "Hulu",
      "revenue": 226750,
      "views": 353824,
      "score": 6.54,
      "episodes": 12,
      "status": "Finished Airing",
      "aired_from": "2024-04-05T00:00:00+00:00",
      "mal_url": "https://myanimelist.net/anime/56690/Re_Monster"
    },
    {
      "title": "Sekaiichi Hatsukoi 2",
      "generation": "Gen 1",
      "platform": "Crunchyroll",
      "revenue": 269430,
      "views": 527469,
      "score": 7.8,
      "episodes": 12,
      "status": "Finished Airing",
      "aired_from": "2011-10-08T00:00:00+00:00",
      "mal_url": "https://myanimelist.net/anime/11123/Sekaiichi_Hatsukoi_2"
    },
    {
      "title": "Hakuouki",
      "generation": "Gen 1",
      "platform": "TV Tokyo",
      "revenue": 253672,
      "views": 526836,
      "score": 7.35,
      "episodes": 12,
      "status": "Finished Airing",
      "aired_from": "2010-04-04T00:00:00+00:00",
      "mal_url": "https://myanimelist.net/anime/6895/Hakuouki"
    },
    {
      "title": "Nurarihyon no Mago: Sennen Makyou",
      "generation": "Gen 1",
      "platform": "Crunchyroll",
      "revenue": 538870,
      "views": 514308,
      "score": 7.92,
      "episodes": 24,
      "status": "Finished Airing",
      "aired_from": "2011-07-03T00:00:00+00:00",
      "mal_url": "https://myanimelist.net/anime/10049/Nurarihyon_no_Mago__Sennen_Makyou"
    },
    {
      "title": "Jigoku Shoujo Futakomori",
      "generation": "Gen 1",
      "platform": "TV Tokyo",
      "revenue": 577207,
      "views": 509895,
      "score": 7.87,
      "episodes": 26,
      "status": "Finished Airing",
      "aired_from": "2006-10-07T00:00:00+00:00",
      "mal_url": "https://myanimelist.net/anime/1594/Jigoku_Shoujo_Futakomori"
    },
    {
      "title": "Super Lovers",
      "generation": "Gen 1",
      "platform": "Hulu",
      "revenue": 178127,
      "views": 305746,
      "score": 6.7,
      "episodes": 10,
      "status": "Finished Airing",
      "aired_from": "2016-04-06T00:00:00+00:00",
      "mal_url": "https://myanimelist.net/anime/31680/Super_Lovers"
    },
    {
      "title": "Raise wa Tanin ga Ii",
      "generation": "Gen 3",
      "platform": "Hulu",
      "revenue": 220198,
      "views": 427806,
      "score": 7.18,
      "episodes": 12,
      "status": "Finished Airing",
      "aired_from": "2024-10-07T00:00:00+00:00",
      "mal_url": "https://myanimelist.net/anime/56964/Raise_wa_Tanin_ga_Ii"
    },
    {
      "title": "GetBackers",
      "generation": "Legacy",
      "platform": "TV Tokyo",
      "revenue": 871786,
      "views": 382467,
      "score": 7.56,
      "episodes": 49,
      "status": "Finished Airing",
      "aired_from": "2002-10-05T00:00:00+00:00",
      "mal_url": "https://myanimelist.net/anime/132/GetBackers"
    },
    {
      "title": "Junjou Romantica 3",
      "generation": "Gen 1",
      "platform": "Crunchyroll",
      "revenue": 217674,
      "views": 379947,
      "score": 7.58,
      "episodes": 12,
      "status": "Finished Airing",
      "aired_from": "2015-07-09T00:00:00+00:00",
      "mal_url": "https://myanimelist.net/anime/25649/Junjou_Romantica_3"
    },
    {
      "title": "Gravitation",
      "generation": "Legacy",
      "platform": "TV Tokyo",
      "revenue": 213140,
      "views": 249914,
      "score": 6.9,
      "episodes": 13,
      "status": "Finished Airing",
      "aired_from": "2000-10-04T00:00:00+00:00",
      "mal_url": "https://myanimelist.net/anime/243/Gravitation"
    },
    {
      "title": "Ueki no Housoku",
      "generation": "Legacy",
      "platform": "TV Tokyo",
      "revenue": 877395,
      "views": 373317,
      "score": 7.71,
      "episodes": 51,
      "status": "Finished Airing",
      "aired_from": "2005-04-04T00:00:00+00:00",
      "mal_url": "https://myanimelist.net/anime/479/Ueki_no_Housoku"
    },
    {
      "title": "Kyou kara Maou!",
      "generation": "Legacy",
      "platform": "TV Tokyo",
      "revenue": 854131,
      "views": 364005,
      "score": 7.61,
      "episodes": 78,
      "status": "Finished Airing",
      "aired_from": "2004-04-03T00:00:00+00:00",
      "mal_url": "https://myanimelist.net/anime/251/Kyou_kara_Maou"
    },
    {
      "title": "Hakkenden: Touhou Hakken Ibun",
      "generation": "Gen 1",
      "platform": "Hulu",
      "revenue": 222494,
      "views": 358656,
      "score": 7.38,
      "episodes": 13,
      "status": "Finished Airing",
      "aired_from": "2013-01-06T00:00:00+00:00",
      "mal_url": "https://myanimelist.net/anime/15613/Hakkenden__Touhou_Hakken_Ibun"
    },
    {
      "title": "Hatsukoi Monster",
      "generation": "Gen 1",
      "platform": "Funimation",
      "revenue": 150074,
      "views": 236040,
      "score": 5.43,
      "episodes": 12,
      "status": "Finished Airing",
      "aired_from": "2016-07-02T00:00:00+00:00",
      "mal_url": "https://myanimelist.net/anime/31109/Hatsukoi_Monster"
    },
    {
      "title": "Hiiro no Kakera",
      "generation": "Gen 1",
      "platform": "Hulu",
      "revenue": 200094,
      "views": 235574,
      "score": 6.69,
      "episodes": 13,
      "status": "Finished Airing",
      "aired_from": "2012-04-01T00:00:00+00:00",
      "mal_url": "https://myanimelist.net/anime/12461/Hiiro_no_Kakera"
    },
    {
      "title": "Full Moon wo Sagashite",
      "generation": "Legacy",
      "platform": "TV Tokyo",
      "revenue": 869858,
      "views": 349410,
      "score": 7.93,
      "episodes": 52,
      "status": "Finished Airing",
      "aired_from": "2002-04-06T00:00:00+00:00",
      "mal_url": "https://myanimelist.net/anime/122/Full_Moon_wo_Sagashite"
    }
  ]
}